=LDR  02777 as a2200649 a 4500
=001  015818228
=003  Uk
=005  20150415110505.0
=006  m\\\\\\\\d\|\\\\\\
=007  cr||||||||||||
=008  110602d20uu201uenkuu\p\s\\\\o0\\\a0eng\\
=015  \\$aGBB166255$2bnb
=040  \\$aUk$beng$cUk
=042  \\$aukblsr
=082  04$a353.70942$222
=110  1\$aGreat Britain.$bDepartment for Culture, Media and Sport.
=240  10$aBusiness plan (Online)
=245  10$aBusiness plan$h[electronic resource] /$cDepartment for Culture, Media and Sport.
=246  1\$iWeb site list title:$aDCMS business plan
=260  \\$a[London] :$bDept. for Culture, Media and Sport
=336  \\$atext$2rdacontent
=337  \\$acomputer$2rdamedia
=338  \\$aonline resource$2rdacarrier
=500  \\$a"This plan will be refreshed annually".
=500  \\$aAccompanying information also available on Web site.
=500  \\$aAccompanied on Number10.gov.uk Web site by PDF annexes for common areas of spend.
=538  \\$aMode of access: World Wide Web.
=538  \\$aSystem requirements: Adobe Acrobat Reader.
=580  \\$aPreviously also issued in print.
=588  \\$aDescription based on: 2011/2015 (Nov. 2010) issue, title from PDF caption (Home Office Web site, viewed June 2, 2011).
=588  \\$aLatest issue consulted: 2011/2015 (May 2011) (Number10.gov.uk Web site, viewed June 2, 2011).
=610  10$aGreat Britain.$bDepartment for Culture, Media and Sport$xPlanning$vPeriodicals.
=690  7\$aManagement and Business Studies$2blcoll
=780  10$aGreat Britain. Dept. for Culture, Media and Sport.$tBusiness plan
=856  4\$uhttp://www.culture.gov.uk/publications/default.aspx$zTo search
=856  4\$ahttp://www.number10.gov.uk/$zTo search
=859  \\$aELD$bejournal
=985  \\$aRecord amended for WR# 13/070
=CAT  \\$a5997$b40$c20110602$lBLL01$h0943
=CAT  \\$a5997$b40$c20110602$lBLL01$h0945
=CAT  \\$a5997$b40$c20110602$lBLL01$h1108
=CAT  \\$a6790$b40$c20130419$lBLL01$h0905
=CAT  \\$aBATCH-MBS$c20130426$lBLL01$h2115
=CAT  \\$aWR13_070$b00$c20130504$lBLL01$h0331
=CAT  \\$aWR13_070$b00$c20130525$lBLL01$h1415
=CAT  \\$aWR13.114$c20130717$lBLL01$h1315
=CAT  \\$aWR14_072$c20140608$lBLL01$h1428
=CAT  \\$a6550$b40$c20150415$lBLL01$h1101
=CAT  \\$a6550$b40$c20150415$lBLL01$h1105
=CAT  \\$aW1711-1005$c20171206$lBLL01$h1823
=FIN  \\$aY$d20110602
=FMT  \\$a  SE
=LAS  \\$aW1711-1005$b00$c20171206$lBLL01$h1823
=LET  \0$aGreat Britain. Dept. for Culture, Media and Sport. Business plan (Electronic)
=LKR  \\$aPAR$b013308746$lBLL01$nBusiness plan (Print)$mBusiness plan (Online)$r78000
=STA  \\$aSUPPRESSED$bIngested as issues
=TCO  \\$aCLA$bCLA$c008

