=LDR  02294 as a2200481 i 4500
=001  016602418
=003  Uk
=005  20140226134215.0
=006  m\\\\\|\\d\|\\\\\\
=007  cr\|||||||||||
=008  140114d200u200uenkar\p\o\\\\\0\\\a0eng\\
=FMT  \\$a  SE
=040  \\$aUk$beng$cUk$erda
=042  \\$aukblsr
=082  04$a796.48068$223
=245  00$aLondon 2012 Greenwich Park venue update.
=264  \1$aLondon :$bLondon Organising Committee of the Olympic Games and Paralympic Games Ltd
=300  \\$billustrations (colour)
=310  \\$aAnnual
=336  \\$atext$2rdacontent
=337  \\$acomputer$2rdamedia
=338  \\$aonline resource$2rdacarrier
=588  \\$aDescription based on: October 2008 issue; title from PDF caption (National Archives snapshot, taken on 10/04/2009).
=588  \\$aLatest issue consulted: October 2009 issue (National Archives snapshot, taken on 05/02/2010).
=611  20$aOlympic Games$n(30th :$d2012 :$cLondon, England)$xPlanning$vPeriodicals.
=650  \0$aSports facilities$zEngland$zLondon$vPeriodicals.
=650  \0$aStadiums$zEngland$zLondon$vPeriodicals.
=650  \0$aParks$zEngland$zLondon$vPeriodicals.
=651  \0$aGreenwich (London, England)$vPeriodicals.
=710  2\$aLondon Organising Committee of the Olympic Games and Paralympic Games.
=776  08$iAlso issued in print as:$tLondon 2012 Greenwich Park venue update
=856  4\$32008:$uhttp://webarchive.nationalarchives.gov.uk/20090130064429/http://www.london2012.com/news/publications/planning-applications.php$zFollow links to resource
=856  4\$32009:$uhttp://webarchive.nationalarchives.gov.uk/20100104171624/http://www.london2012.com/about-us/publications/index.php?start=21$zFollow links to resource
=859  \\$aELD$bejournal
=CAT  \\$a10902$b40$c20140114$lBLL01$h0912
=CAT  \\$a11316$b40$c20140226$lBLL01$h1250
=CAT  \\$a11316$b40$c20140226$lBLL01$h1342
=CAT  \\$aW1711-1225$c20171203$lBLL01$h1055
=CAT  \\$aW1711-1005$c20171206$lBLL01$h1826
=FIN  \\$aY$d20140226
=LKR  \\$aPAR$b015608421$lBLL01$nLondon 2012 Greenwich Park venue update (Print)$mLondon 2012 Greenwich Park venue update (Online)$r776
=STA  \\$aSUPPRESSED$bunable to determine reason for suppression
=LAS  \\$aW1711-1005$b00$c20171206$lBLL01$h1826

