=LDR  02843 as a2200709 a 4500
=001  007887553
=003  Uk
=005  20150414103119.0
=006  m\\\\\\\\d\|\\\\\\
=007  cr||||||||||||
=008  040417d20032013enk\x\\\o\\\\\0\\\a0eng\\
=FMT  \\$a  SE
=015  \\$aGBB1C5630$2bnb
=040  \\$aUk$beng$cUk
=042  \\$aukblsr
=082  04$a610.730715$223
=110  2\$aNursing and Midwifery Council (Great Britain)
=240  10$aNMC circular (Online)
=245  10$aNMC circular$h[electronic resource].
=246  3\$aNursing and Midwifery Council circular
=246  1\$iWeb page title:$aCirculars :$bamendments and other important developments
=260  \\$aLondon :$bNMC
=310  \\$aIrregular
=336  \\$atext$2rdacontent
=337  \\$acomputer$2rdamedia
=338  \\$aonline resource$2rdacarrier
=538  \\$aMode of access: World Wide Web.
=538  \\$aSystem requirements: Adobe Acrobat Reader.
=520  \\$aConsists of circulars on Nursing, Midwifery, SCPHN, Education, Prescribing, Registration, European and Overseas.
=515  \\$aSome issues have separately published annexes with the same circular number.
=588  \\$aDescription based on: 18/2003 issue; title from PDF caption (publisher's Web page, viewed Oct. 31, 2011).
=588  \\$aLatest issue consulted: 08/2011 (viewed Oct. 31, 2011).
=610  20$aNursing and Midwifery Council (Great Britain)$vPeriodicals.
=776  08$iPrint version, -2003:$aNursing and Midwifery Council (Great Britain)$tNMC circular
=856  4\$uhttp://www.nmc-uk.org/Publications-/Circulars/$zFollow links to resource
=859  \\$aELD$bejournal
=A02  \\$a3017648$z0
=CAT  \\$aCONV$b00$c20040425$lBLL90$h0713
=CAT  \\$aCONV$b00$c20040502$lBLL01$h1234
=CAT  \\$a11313$b40$c20040902$lBLL01$h1239
=CAT  \\$a11249$b40$c20050408$lBLL01$h1421
=CAT  \\$aBATCH$b00$c20091208$lBLL01$h0312
=CAT  \\$aBATCH$b00$c20091214$lBLL01$h0318
=CAT  \\$aBATCH$b00$c20091216$lBLL01$h0058
=CAT  \\$a3072$b40$c20111031$lBLL01$h1213
=CAT  \\$a3072$b40$c20111031$lBLL01$h1214
=CAT  \\$a3072$b40$c20111031$lBLL01$h1228
=CAT  \\$a3072$b40$c20111031$lBLL01$h1349
=CAT  \\$a3072$b40$c20111031$lBLL01$h1403
=CAT  \\$a3072$b40$c20111031$lBLL01$h1404
=CAT  \\$a6790$b40$c20130419$lBLL01$h1343
=CAT  \\$aWR13.114$c20130717$lBLL01$h1312
=CAT  \\$aWR14_072$c20140608$lBLL01$h1425
=CAT  \\$a6550$b40$c20150414$lBLL01$h1031
=CAT  \\$aW1711-1005$c20171206$lBLL01$h1814
=FIN  \\$aY$d20111031
=LET  \0$aNMC circular (Electronic)
=LKR  \\$aPAR$b012427358$lBLL01$r776$mNMC Circular (Online)$nNMC circular (Print)
=SRC  \\$aDSS04$bbibld.200404.2.aa
=STA  \\$aSUPPRESSED$bIngested as issues
=TCO  \\$aZZZ$c008
=LAS  \\$aW1711-1005$b00$c20171206$lBLL01$h1814

