=LDR  01664nas a2200433 i 4500
=001  020499997
=003  Uk
=005  20220228170125.0
=006  m\\\\\|\\d\|\\\\\\
=007  cr\|||||||||||
=008  220228c19999999ie\bn\\\o\\\\o0\\\a0eng\\
=FMT  \\$a  SE
=040  \\$aUk$beng$cUk$erda
=042  \\$aukblsr
=082  04$a647.9409417$223
=245  00$aHotel & restaurant times :$bthe business publication for the hotel and restaurant industry.
=246  3\$aHotel and restaurant times
=246  1\$iSubtitle changed:$aHotel & restaurant times :$bIreland's leading hospitality business publication$f<April/May 2021>
=260  \\$aMaynooth :$bMonwick
=264  31$aMaynooth :$bHotel & Restauant Times
=300  \\$billustrations (colour)
=310  \\$aBi-monthly
=336  \\$atext$2rdacontent
=337  \\$acomputer$2rdamedia
=338  \\$aonline resource$2rdacarrier
=588  \\$aDescription based on print version record.
=588  \\$aLatest issue consulted: November/December 2021.
=650  \0$aHotel management$vPeriodicals.
=650  \0$aRestaurant management$vPeriodicals.
=650  \0$aHospitality industry$zIreland$vPeriodicals.
=776  08$iPrint version, -December/January '19:$tHotel & restaurant times$x1393-9858
=856  4\$uhttps://www.hotelandrestauranttimes.ie/$zTo subscribe
=859  \\$aELD$bejournal
=CAT  \\$a3072$b40$c20220228$lBLL01$h1658
=CAT  \\$a3072$b40$c20220228$lBLL01$h1701
=FIN  \\$aY$d20220228
=LKR  \\$aPAR$b007208541$lBLL01$nHotel & restaurant times (Print)$mHotel & restaurant times (Online)$r776
=STA  \\$aSUPPRESSED$bVoluntary deposit
=LAS  \\$a3072$b40$c20220228$lBLL01$h1701

