=LDR  01743 as a2200421 i 4500
=001  017448099
=003  Uk
=005  20150915132139.0
=006  m\\\\\|\\d\|\\\\\\
=007  cr\|||||||||||
=008  150715c20139999enkar\\\o\\\\\0\\\a0eng\\
=FMT  \\$a  SE
=040  \\$aUk$beng$cUk$erda
=042  \\$aukblsr
=082  04$a338.7681$223
=110  2\$aMorgan Advanced Materials.
=245  10$aAnnual report /$cMorgan Advanced Materials PLC.
=264  \1$aWindsor :$bMorgan Advanced Materials
=310  \\$aAnnual
=336  \\$atext$2rdacontent
=337  \\$acomputer$2rdamedia
=338  \\$aonline resource$2rdacarrier
=362  0\$a2013-
=500  \\$aTitle from PDF cover (publisher's Web site, viewed July 2015).
=610  20$aMorgan Advanced Materials$vPeriodicals.
=650  \0$aCorporation reports$zGreat Britain$vPeriodicals.
=780  00$aMorgan Crucible Company.$tAnnual report
=859  \\$aELD$bejournal
=856  4\$uhttp://www.morganadvancedmaterials.com/investors/reports$zFollow links to resource
=985  \\$aOnline issue taken to fill gap in print issues on 010458342; (2009-2012 on 017448095); publisher is sending in print from 2014; keep online as closed set, while print is coming in; can't do a collection level record for online, so just main annual report taken.
=CAT  \\$a3072$b40$c20150715$lBLL01$h1733
=CAT  \\$a3072$b40$c20150716$lBLL01$h0959
=CAT  \\$a7332$b40$c20150915$lBLL01$h1321
=CAT  \\$aW1711-1005$c20171206$lBLL01$h1828
=FIN  \\$aY$d20150715
=LKR  \\$aPAR$b017448095$lBLL01$r776$mAnnual report - Morgan Advanced Materials PLC$nAnnual report - Morgan Crucible Company
=STA  \\$aSUPPRESSED$bIngested as issues
=LAS  \\$aW1711-1005$b00$c20171206$lBLL01$h1828

