=LDR  02113 as a2200553 i 4500
=001  016250467
=003  Uk
=005  20140922140622.0
=006  m\\\\\\\\d\|\\\\\\
=007  cr||||||||||||
=008  130114c20129999enkqr\p\o\\\\\0\\\a0eng\\
=FMT  \\$a  SE
=015  \\$aGBB498636$2bnb
=022  0\$a2052-0549$202
=040  \\$aUk$beng$cUk$erda
=042  \\$aissnuk$aukblsr
=082  04$a956.94$223
=130  0\$aFathom (Britain Israel Communications and Research Centre)
=222  \0$aFathom$b(Online)
=245  10$aFathom :$bfor a deeper understanding of Israel and the region.
=264  \1$a[London] :$bBritain Israel Communications and Research Centre,$c[2012]-
=300  \\$billustrations (colour)
=310  \\$aQuarterly
=336  \\$atext$2rdacontent
=337  \\$acomputer$2rdamedia
=338  \\$aonline resource$2rdacarrier
=362  0\$aIssue 1 (winter 2012/2013)-
=500  \\$aTitle from PDF cover (publisher's Web site, viewed September 10, 2014).
=588  \\$aLatest issue consulted: issue 5 (winter 2014) (viewed September 10, 2014).
=650  \0$aArab-Israeli conflict$vPeriodicals.
=651  \0$aIsrael$xForeign relations$vPeriodicals.
=651  \0$aIsrael$xPolitics and government$vPeriodicals.
=710  2\$aBritain Israel Communications and Research Centre,$eissuing body.
=776  08$iPrint version, 2012-2014:$tFathom$x2052-0530
=856  4\$uhttp://www.fathomjournal.org/$zTo subscribe
=859  \\$aELD$bejournal
=985  \\$aISSN description based on: Issue 1 (Winter 2012/13); pdf viewed January 14, 2013.
=CAT  \\$a11313$b40$c20130114$lBLL01$h1308
=CAT  \\$a11313$b40$c20130114$lBLL01$h1317
=CAT  \\$a11316$b40$c20140910$lBLL01$h0848
=CAT  \\$a11316$b40$c20140910$lBLL01$h0857
=CAT  \\$a8411$b40$c20140922$lBLL01$h1406
=CAT  \\$aW1711-1005$c20171206$lBLL01$h1825
=FIN  \\$aY$d20130114
=LET  \0$aFathom (Electronic)
=LKR  \\$aPAR$b016250332$lBLL01$nFathom (Print)$mFathom (Online)$r776
=MNI  \\$a2052-0530
=STA  \\$aSUPPRESSED$bIngested as issues
=LAS  \\$aW1711-1005$b00$c20171206$lBLL01$h1825

