=LDR  03349 as a2200649 i 4500
=001  017909291
=003  Uk
=005  20160707120035.0
=006  m\\\\\|\\d\|\\\\\\
=007  cr\|||||||||||
=008  160704c19679999enkmr\\\o\s\\\0\\\a0eng\\
=FMT  \\$a  SE
=015  \\$aGBB688756$2bnb
=022  0\$a2398-6921$y0266-7355$202
=040  \\$aUk$beng$cUk$erda
=042  \\$aukblsr$aissnuk
=082  04$a338.274021$223
=222  \0$aWorld metal statistics$b(Online)
=245  00$aWorld metal statistics.
=246  1\$iFile name:$aWMS
=264  \1$aWare, Herts :$bWorld Bureau of Metal Statistics
=310  \\$aMonthly
=336  \\$atext$2rdacontent
=337  \\$acomputer$2rdamedia
=338  \\$aonline resource$2rdacarrier
=362  1\$aPrint began in 1967.
=520  \\$aEach "issue" consists of preliminary PDFs containing title page, index, etc., together with several Excel workbooks containing statistics of production and consumption of the major non-ferrous metals, listed by country. Issues are available by subscription, either as downloads from the Web site, or as a zip file.
=588  \\$aDescription based on: Volume 68, number 1 (January 21, 2015); title from PDF title page (page 1).
=588  \\$aLatest issue consulted: Volume 69, number 5 (June 15, 2016).
=650  \0$aNonferrous metal industries$vStatistics$vPeriodicals.
=650  \0$aMineral industries$vStatistics$vPeriodicals.
=650  \7$aNonferrous metal industries.$2fast$0(OCoLC)fst01038681
=650  \7$aMineral industries.$2fast$0(OCoLC)fst01022218
=655  \7$aPeriodicals.$2fast$0(OCoLC)fst01411641
=655  \7$aStatistics.$2fast$0(OCoLC)fst01132103
=710  2\$aWorld Bureau of Metal Statistics,$eissuing body.
=776  08$iPrint version, -2014:$tWorld metal statistics$x0043-8758
=780  00$tWorld non-ferrous metal statistics
=856  4\$uhttp://www.world-bureau.com/services.asp$zTo subscribe
=859  \\$aELD$bejournal
=985  \\$aDefinitely ceased in print - see Jan. 2015 PDF "Last year we reluctantly included the full cost of printing in the subscription to the hard copy of the publication. Almost all of our subscribers chose the cheaper option of an electronic subscription only and as a result, WBMS monthly publications are now exclusively electronic"; new ISSN assigned as printing print number - discussed with ISSN-UK; NB "issues" are being parked until we have the capability to process them. Please take SUPPRESSED field off when record is ready to be used - GC 4/7/16.
=CAT  \\$a3072$b40$c20160704$lBLL01$h1224
=CAT  \\$a3072$b40$c20160704$lBLL01$h1225
=CAT  \\$a3072$b40$c20160704$lBLL01$h1228
=CAT  \\$a3072$b40$c20160704$lBLL01$h1353
=CAT  \\$a3072$b40$c20160704$lBLL01$h1402
=CAT  \\$a3072$b40$c20160704$lBLL01$h1404
=CAT  \\$a3072$b40$c20160704$lBLL01$h1409
=CAT  \\$a3072$b40$c20160704$lBLL01$h1416
=CAT  \\$a11313$b40$c20160707$lBLL01$h1200
=CAT  \\$aW1711-1225$c20171203$lBLL01$h1057
=CAT  \\$aW1711-1005$c20171206$lBLL01$h1829
=FIN  \\$aY$d20160704
=LET  \0$aWorld metal statistics (Electronic)
=LKR  \\$aPAR$b009543875$lBLL01$r776$mWorld metal statistics (Online)$nWorld metal statistics (Print)
=STA  \\$aSUPPRESSED$bunable to determine reason for suppression
=LAS  \\$aW1711-1005$b00$c20171206$lBLL01$h1829

