=LDR  02221cas a2200589 i 4500
=001  016527642
=003  Uk
=005  20150427111025.0
=006  m\\\\\|\\d\|\\\\\\
=007  cr\|||||||||||
=008  131025c19309999ie\fr\p\o\\\\\0\\\a0eng\\
=FMT  \\$a  SE
=015  \\$aGBB4D9550$2bnb
=022  0\$a2009-6062$y0023-9542
=040  \\$aUk$beng$cUk$dUk$erda
=042  \\$aukblsr
=082  04$a020.622417$223
=222  \3$aAn leabharlann$b(Online)
=245  03$aAn Leabharlann =$bthe Irish Library.
=246  31$aIrish library
=246  30$aJournal of the Library Association of Ireland
=264  \1$aDublin :$bLibrary Association of Ireland
=300  \\$billustrations (colour)
=310  \\$aTwice yearly
=336  \\$atext$2rdacontent
=337  \\$acomputer$2rdamedia
=338  \\$aonline resource$2rdacarrier
=362  1\$aPrint began in 1930.
=588  \\$aDescription based on: 2nd series volume 12, number 4, 1996; title from PDF cover (publisher's Web site, viewed November 27, 2014).
=588  \\$aLatest issue consulted: volume 23, issue 1 (March 2014) (viewed November 27, 2014).
=650  \0$aLibrary science$vPeriodicals.
=650  \0$aLibraries$zIreland.
=710  2\$aLibrary Association of Ireland,$eissuing body.
=776  08$iPrint version, -2012:$tLeabharlann$x0023-9542
=856  4\$uhttps://libraryassociation.ie/publications/leabharlann$zTo subscribe
=859  \\$aELD$bejournal
=CAT  \\$a11433$b40$c20131025$lBLL01$h1556
=CAT  \\$a10983$b40$c20141125$lBLL01$h1051
=CAT  \\$a3072$b40$c20141127$lBLL01$h1716
=CAT  \\$a3072$b40$c20141127$lBLL01$h1717
=CAT  \\$a3072$b40$c20141127$lBLL01$h1718
=CAT  \\$a3072$b40$c20141204$lBLL01$h1438
=CAT  \\$a3072$b40$c20141204$lBLL01$h1442
=CAT  \\$a3072$b40$c20141204$lBLL01$h1444
=CAT  \\$a3072$b40$c20150427$lBLL01$h1110
=CAT  \\$aBATCH-UPD$b40$c20150828$lBLL01$h1435
=CAT  \\$aW1711-1005$c20171206$lBLL01$h1825
=FIN  \\$aY$d20141204
=LET  \0$aLeabharlann = Irish Library (Electronic)
=LKR  \\$aPAR$b010477244$lBLL01$r776$mLeabharlann (Online)$nLeabharlann (Print)
=STA  \\$aSUPPRESSED$bIngested as issues
=LAS  \\$aW1711-1005$b00$c20171206$lBLL01$h1825

