=LDR  02473 as a2200553 i 4500
=001  016531252
=003  Uk
=005  20150813123844.0
=006  m\\\\\|\\d\|\\\\\\
=007  cr||||||||||||
=008  131030d20082012enkgr\\\o\\\\\0\\\a0eng\\
=FMT  \\$a  SE
=040  \\$aUk$beng$cUk$erda
=042  \\$aukblsr
=082  04$a361.94205$223
=245  04$aThe state of the adult social care workforce in England.$pExecutive summary.
=246  1\$iWeb page title:$aSocial care workforce reports
=264  \1$a[Leeds] :$bSkills for Care
=310  \\$aBiennial
=336  \\$atext$2rdacontent
=337  \\$acomputer$2rdamedia
=338  \\$aonline resource$2rdacarrier
=362  0\$a2008-
=500  \\$aTitle from PDF caption (publisher's Web site, viewed October 30, 2013).
=500  \\$a"The ... report of Skills for Care's Skills Research and Intelligence Unit".
=580  \\$aFull report issued separately.
=588  \\$aLatest issue consulted: 2010 issue (viewed October 30, 2013).
=650  \0$aHuman services personnel$zEngland$vPeriodicals.
=650  \0$aHuman services personnel$zEngland$vStatistics$vPeriodicals.
=650  \0$aPublic welfare$zEngland$xEmployees$vStatistics$vPeriodicals.
=650  \0$aSocial service$zEngland$vPeriodicals.
=650  \0$aPublic welfare administration$zEngland$vPeriodicals.
=690  7\$aSocial Welfare$2blcoll
=710  2\$aSkills for Care (Organization).$bSkills Research and Intelligence Unit.
=710  2\$aSkills for Care (Organization)
=787  1\$tState of the adult social care workforce in England
=856  4\$uhttp://www.skillsforcare.org.uk/research/latest_research_reports/state_of_the_adult_social_care_workforce_reports.aspx$zFollow links to resource
=859  \\$aELD$bejournal
=CAT  \\$a11316$b40$c20131030$lBLL01$h1456
=CAT  \\$aWR14.047$c20140417$lBLL01$h1646
=CAT  \\$a8871$b40$c20140731$lBLL01$h1625
=CAT  \\$a6550$b40$c20150813$lBLL01$h1238
=CAT  \\$aW1711-1225$c20171203$lBLL01$h1054
=CAT  \\$aW1711-1005$c20171206$lBLL01$h1825
=FIN  \\$aY$d20131030
=LET  \0$aThe state of the adult social care workforce in England. Executive summary (Electronic)
=LKR  \\$aPAR$b016531164$lBLL01$nThe state of the adult social care workforce in England$mThe state of the adult social care workforce in England. Executive summary$r787
=STA  \\$aSUPPRESSED$bunable to determine reason for suppression
=LAS  \\$aW1711-1005$b00$c20171206$lBLL01$h1825

