=LDR  01498 as a2200397 i 4500
=001  016544197
=003  Uk
=005  20140711102157.0
=006  m\\\\\|\\d\|\\\\\\
=007  cr\|||||||||||
=008  131115d200u200uenkar\\\o\\\\\0\\\a0eng\\
=FMT  \\$a  SE
=040  \\$aUk$beng$cUk$erda
=042  \\$aukblsr
=082  04$a353.82745$223
=110  2\$aBritish Educational Communications and Technology Agency,$eauthor.
=245  10$aAnnual review /$cBecta.
=246  13$aBecta annual review
=264  \1$aCoventry :$bBecta
=300  \\$billustrations (colour)
=310  \\$aAnnual
=336  \\$atext$2rdacontent
=337  \\$acomputer$2rdamedia
=338  \\$aonline resource$2rdacarrier
=588  \\$aDescription based on: 2007 issue; title from PDF cover (National Archives snapshot, taken 16/03/2009).
=610  20$aBritish Educational Communications and Technology Agency$vPeriodicals.
=650  \0$aEducational technology$zGreat Britain$vPeriodicals.
=856  4\$uhttp://webarchive.nationalarchives.gov.uk/quick_search/$zTo search
=859  \\$aELD$bejournal
=985  \\$aContent of this review is concerned with Becta itself. It does not appear to be a continuation of the Becta review which is research based.
=CAT  \\$a10902$b40$c20131115$lBLL01$h0847
=CAT  \\$a11313N$b50$c20140711$lBLL01$h1021
=CAT  \\$aW1711-1005$c20171206$lBLL01$h1826
=FIN  \\$aY$d20140711
=STA  \\$aSUPPRESSED$bIngested as issues
=LAS  \\$aW1711-1005$b00$c20171206$lBLL01$h1826

