=LDR  02005 as a2200457 i 4500
=001  016601879
=003  Uk
=005  20140226113354.0
=006  m\\\\\|\\d\|\\\\\\
=007  cr\|||||||||||
=008  140113d20072008enkqr\p\o\\\\\0\\\a0eng\\
=FMT  \\$a  SE
=040  \\$aUk$beng$cUk$erda
=042  \\$aukblsr
=082  04$a796.48$223
=245  00$aYour Games :$bthe latest Games news in your area.
=264  \1$a[London] :$bLondon Organising Committee of the Olympic Games and Paralympic Games Ltd,$c2007-
=310  \\$aQuarterly
=336  \\$atext$2rdacontent
=337  \\$acomputer$2rdamedia
=338  \\$aonline resource$2rdacarrier
=362  0\$aIssue 4 (summer 2007)-issue 6 (winter 2008).
=500  \\$aTitle from PDF cover (National Archives snapshot, taken on 02/11/2008).
=588  \\$aLatest issue consulted: issue 6 (winter 2008) (National Archives snapshot, taken on 02/11/2008).
=611  20$aOlympic Games$n(30th :$d2012 :$cLondon, England)$xPlanning$vPeriodicals.
=650  \0$aOlympics$xEconomic aspects$zEngland$zLondon$vPeriodicals.
=650  \0$aSports facilities$zEngland$zLondon$vPeriodicals.
=710  2\$aLondon Organising Committee of the Olympic Games and Paralympic Games.
=776  08$iAlso issued in print as:$tYour Games
=780  00$tAhead of the Games
=856  4\$uhttp://webarchive.nationalarchives.gov.uk/20081222225240/http://www.london2012.com/news/publications/newsletters.php$zFollow links to resource
=859  \\$aELD$bejournal
=CAT  \\$a10902$b40$c20140113$lBLL01$h1358
=CAT  \\$a11316$b40$c20140226$lBLL01$h1133
=CAT  \\$aW1711-1225$c20171203$lBLL01$h1055
=CAT  \\$aW1711-1005$c20171206$lBLL01$h1826
=FIN  \\$aY$d20140226
=LKR  \\$aPAR$b015423586$lBLL01$r776$mYour Games (Online)$nYour Games (Print)
=LKR  \\$aPAR$b016601834$lBLL01$r78000$mYour Games (Online)$nAhead of the Games (Online)
=STA  \\$aSUPPRESSED$bunable to determine reason for suppression
=LAS  \\$aW1711-1005$b00$c20171206$lBLL01$h1826

