=LDR  02656 as a2200589 i 4500
=001  016735605
=003  Uk
=005  20141216135214.0
=006  m\\\\\|\\d\|\\\\\\
=007  cr||||||||||||
=008  140605d20122013enkar\\\o\\\\o0\\\a0eng\\
=FMT  \\$a  SE
=015  \\$aGBB458600$2bnb
=040  \\$aUk$beng$cUk$erda
=042  \\$aukblsr
=082  04$a354.37350941$223
=245  00$aEU Emissions Trading System.$pCharging scheme advice.
=246  3\$aEuropean Union Emissions Trading System.$pCharging scheme advice
=246  1\$iWeb link title 2013/2014-$aEuropean Union Emissions Trading System (EU ETS).$pCharging scheme advice April ... to March ...
=246  17$aEU ETS charging scheme advice
=264  \1$aBristol :$bEnvironment Agency,$c2012-2013.
=310  \\$aAnnual
=336  \\$atext$2rdacontent
=337  \\$acomputer$2rdamedia
=338  \\$aonline resource$2rdacarrier
=362  0\$a2012-
=500  \\$aTitle from PDF cover (National Archives snapshot, taken 04/12/2012).
=588  \\$aLatest issue consulted: April 2013 issue (GOV.UK, viewed June 5, 2014).
=610  20$aEuropean Union Emissions Trading Scheme$vPeriodicals.
=650  \0$aEmissions trading$xLaw and legislation$zGreat Britain$vPeriodicals.
=650  \0$aEmissions trading$xLaw and legislation$zEuropean Union countries$vPeriodicals.
=650  \0$aEnvironmental impact charges$zGreat Britain$vPeriodicals.
=650  \0$aGreenhouse gas mitigation$xGovernment policy$zGreat Britain$vPeriodicals.
=650  \0$aGreenhouse gas mitigation$zEuropean Union Countries$vPeriodicals.
=710  1\$aGreat Britain.$bEnvironment Agency,$eissuing body.
=780  01$tEnvironment Agency EU Emissions Trading System. Charging scheme
=859  \\$aELD$bejournal
=856  4\$uhttp://webarchive.nationalarchives.gov.uk/$zTo search
=856  4\$uhttps://www.gov.uk/$zTo search
=985  \\$aRecord closed. PDF document appears to have been replaced by information given on a Web page at GOV.UK - https://www.gov.uk/eu-ets-charges - 16/12/2014.
=CAT  \\$a11316$b40$c20140605$lBLL01$h1039
=CAT  \\$a11316$b40$c20140605$lBLL01$h1127
=CAT  \\$a11316$b40$c20140605$lBLL01$h1149
=CAT  \\$a11316$b40$c20140605$lBLL01$h1211
=CAT  \\$a10902$b40$c20140618$lBLL01$h0925
=CAT  \\$a11316$b40$c20141216$lBLL01$h1352
=CAT  \\$aW1711-1225$c20171203$lBLL01$h1055
=CAT  \\$aW1711-1005$c20171206$lBLL01$h1827
=FIN  \\$aY$d20140605
=LET  \0$aEU Emissions Trading System. Charging scheme advice (Electronic)
=STA  \\$aSUPPRESSED$bunable to determine reason for suppression
=LAS  \\$aW1711-1005$b00$c20171206$lBLL01$h1827

