=LDR  01655 as a2200445 i 4500
=001  016934499
=003  Uk
=005  20141106114512.0
=006  m\\\\\|\\d\|\\\\\\
=007  cr\|||||||||||
=008  141016c200u9999enkqr\p\o\\\\\0\\\a0eng\\
=FMT  \\$a  SE
=015  \\$aGBB4C4847$2bnb
=040  \\$aUk$beng$cUk$erda
=042  \\$aukblsr
=082  04$a338.476412098$223
=245  00$aQuarterly beverage tracker.$pCentral & South America /$cCanadean.
=246  3\$aQBT
=246  17$aSoft drinks service
=264  \1$a[Basingstoke] :$bCanadean
=300  \\$billustrations (colour)
=310  \\$aQuarterly
=336  \\$atext$2rdacontent
=337  \\$acomputer$2rdamedia
=338  \\$aonline resource$2rdacarrier
=588  \\$aDescription based on: 4th quarter, 2008; title from PDF title page (viewed November 6, 2014).
=588  \\$aLatest issue consulted: 1st quarter, 2009 (viewed November 6, 2014).
=650  \0$aBeverage industry$zSouth America$vStatistics$vPeriodicals.
=650  \0$aBeverage industry$zCentral America$vStatistics$vPeriodicals.
=650  \0$aMarket surveys$zSouth America$vPeriodicals.
=650  \0$aMarket surveys$zCentral America$vPeriodicals.
=710  2\$aCanadean Limited,$eissuing body.
=856  4\$uhttp://canadeanreportstore.industryreportstore.com/food-beverage.html$zTo search
=859  \\$aELD$bejournal
=CAT  \\$a8201$b40$c20141106$lBLL01$h1145
=CAT  \\$aW1711-1005$c20171206$lBLL01$h1827
=FIN  \\$aY$d20141106
=LET  \0$aQuarterly beverage tracker. Central & South America (Electronic)
=STA  \\$aSUPPRESSED$bIngested as issues
=LAS  \\$aW1711-1005$b00$c20171206$lBLL01$h1827

