=LDR  01462 as a2200421 i 4500
=001  016968109
=003  Uk
=005  20141204091101.0
=006  m\\\\\|\\d\|\\\\\\
=007  cr\|||||||||||
=008  141016u200uuuuuenkqr\p\o\\\\\0\\\a0eng\\
=FMT  \\$a  SE
=015  \\$aGBB4D9456$2bnb
=040  \\$aUk$beng$cUk$erda
=042  \\$aukblsr
=082  04$a338.476412$223
=245  00$aQuarterly beverage tracker.$pGlobal overview - major markets /$cCanadean.
=246  3\$aQBT
=246  17$aSoft drinks service
=264  \1$a[Basingstoke] :$bCanadean
=300  \\$billustrations (colour)
=310  \\$aQuarterly
=336  \\$atext$2rdacontent
=337  \\$acomputer$2rdamedia
=338  \\$aonline resource$2rdacarrier
=588  \\$aDescription based on: 4th quarter, 2008; title from PDF title page (viewed December 4, 2014).
=650  \0$aBeverage industry$vStatistics$vPeriodicals.
=650  \0$aMarket surveys$vPeriodicals.
=710  2\$aCanadean Limited,$eissuing body.
=856  4\$uhttp://canadeanreportstore.industryreportstore.com/food-beverage.html$zTo search
=859  \\$aELD$bejournal
=CAT  \\$a8201$b40$c20141204$lBLL01$h0909
=CAT  \\$a8201$b40$c20141204$lBLL01$h0911
=CAT  \\$aW1711-1005$c20171206$lBLL01$h1827
=FIN  \\$aY$d20141204
=LET  \0$aQuarterly beverage tracker. Global overview - major markets (Electronic)
=STA  \\$aSUPPRESSED$bIngested as issues
=LAS  \\$aW1711-1005$b00$c20171206$lBLL01$h1827

