=LDR  01404cas a2200409 i 4500
=001  017035100
=003  Uk
=005  20150204111925.0
=006  m\\\\\|\\d\|\\\\\\
=007  cr\|||||||||||
=008  150202c200u9999ie\ar\\\o\\\\o0\\\a0eng\\
=FMT  \\$a  SE
=040  \\$aUk$beng$cUk$erda
=042  \\$aukblsr
=082  04$a361.763209415$223
=110  2\$aALONE (Organization : Ireland),$eauthor.
=245  10$aALONE annual Report.
=246  1\$iMinor title change:$aAnnual report$f2011 issue-
=264  \1$aDublin :$bAlone
=300  \\$billustrations (colour)
=310  \\$aAnnual
=336  \\$atext$2rdacontent
=337  \\$acomputer$2rdamedia
=338  \\$aonline resource$2rdacarrier
=588  \\$aDescription based on: 2010 issue; title from PDF cover (publisher's Web site, viewed February 2, 2015).
=588  \\$aLatest issue consulted: 2013 (viewed February 2, 2015).
=610  20$aALONE (Organization : Ireland)$vPeriodicals.
=856  4\$uhttp://alone.ie/information-resources/about/$zTo search
=859  \\$aELD$bejournal
=CAT  \\$a8311$b40$c20150202$lBLL01$h1135
=CAT  \\$a3072$b40$c20150202$lBLL01$h1645
=CAT  \\$a3072$b40$c20150202$lBLL01$h1646
=CAT  \\$a7332$b40$c20150204$lBLL01$h1119
=CAT  \\$aW1711-1005$c20171206$lBLL01$h1828
=FIN  \\$aY$d20150202
=STA  \\$aSUPPRESSED$bIngested as issues
=LAS  \\$aW1711-1005$b00$c20171206$lBLL01$h1828

