=LDR  01814 as a2200493 a 4500
=001  015429447
=003  Uk
=005  20130412091453.0
=006  m\\\\\\\\d\|\\\\\\
=007  cr||||||||||||
=008  091126c200u9999enkar\p\s\\\\\0\\\a0eng\\
=015  \\$aGBA9B4778$2bnb
=040  \\$aUk$beng$cUk
=042  \\$aukblsr
=082  04$a333.783094251105$222
=110  20$aPeak District National Park Authority.
=245  10$aAnnual monitoring report$h[electronic resource] /$cPeak District National Park Authority.
=260  \\$aBakewell :$bPeak District National Park Authority
=336  \\$atext$2rdacontent
=337  \\$acomputer$2rdamedia
=338  \\$aonline resource$2rdacarrier
=500  \\$aDescription based on: 2008/09 issue; title from PDF t.p. (viewed on 26 Nov. 2009).
=538  \\$aMode of access: World Wide Web.
=538  \\$aSystem requirements: Adobe Acrobat Reader.
=610  20$aPeak District National Park Authority$vPeriodicals.
=856  4\$uhttp://www.peakdistrict.gov.uk/index/pubs.htm$zFollow link to resource
=859  \\$aELD$bejournal
=CAT  \\$a7332$b40$c20091126$lBLL01$h1404
=CAT  \\$a7332$b40$c20091126$lBLL01$h1405
=CAT  \\$a7332$b40$c20091127$lBLL01$h1037
=CAT  \\$a7332$b40$c20100105$lBLL01$h1139
=CAT  \\$a6790$b40$c20130412$lBLL01$h0836
=CAT  \\$a6790$b40$c20130412$lBLL01$h0914
=CAT  \\$aWR13.114$c20130717$lBLL01$h1314
=CAT  \\$aWR14_072$c20140608$lBLL01$h1426
=CAT  \\$aWR14_140$c20140905$lBLL01$h1823
=CAT  \\$aBATCH-UPD$b00$c20140906$lBLL01$h0752
=CAT  \\$aW1711-1005$c20171206$lBLL01$h1822
=FIN  \\$aY$d20091126
=FMT  \\$a  SE
=LAS  \\$aW1711-1005$b00$c20171206$lBLL01$h1822
=LET  \0$aAnnual monitoring report (PDF)
=STA  \\$aSUPPRESSED$bIngested as issues
=TCO  \\$aCLA$bCLA$c008

