=LDR  01946 as a2200541 a 4500
=001  015439825
=003  Uk
=005  20150320115140.0
=006  m\\\\\\\\d\|\\\\\\
=007  cr||||||||||||
=008  091204d20092012enkar\p\s\\\\o0\\\a0eng\\
=015  \\$aGBA9C1853$2bnb
=040  \\$aUk$beng$cUk
=042  \\$aukblsr
=082  04$a616.02905$222
=245  00$aEnd of life care strategy$h[electronic resource] :$b... annual report.
=260  \\$aLondon :$bDept. of Health,$c2009-2012.
=310  \\$aAnnual
=336  \\$atext$2rdacontent
=337  \\$acomputer$2rdamedia
=338  \\$aonline resource$2rdacarrier
=362  0\$a2009-2012.
=500  \\$aTitle from PDF t.p. (viewed on 4 Dec. 2009).
=500  \\$aDescription based on: Nov. 2009 issue.
=538  \\$aMode of access: World Wide Web.
=538  \\$aSystem requirements: Adobe Acrobat Reader.
=650  \0$aPalliative treatment$zGreat Britain$vPeriodicals.
=650  \0$aTerminal care$zGreat Britain$vPeriodicals.
=690  7\$aSocial Welfare$2blcoll
=710  1\$aGreat Britain.$bDepartment of Health.
=856  4\$uhttp://www.dh.gov.uk/en/Publicationsandstatistics/Publications/index.htm$zTo search
=859  \\$aELD$bejournal
=985  \\$aRecord amended for WR# 13/070
=CAT  \\$a7332$b40$c20091204$lBLL01$h1018
=CAT  \\$a11279$b40$c20120209$lBLL01$h1624
=CAT  \\$a12664$b40$c20130109$lBLL01$h1330
=CAT  \\$aWR13_070$b00$c20130504$lBLL01$h0322
=CAT  \\$aWR14.047$c20140417$lBLL01$h1645
=CAT  \\$aWR14_140$c20140905$lBLL01$h1823
=CAT  \\$a6550$b40$c20150320$lBLL01$h1151
=CAT  \\$aW1711-1225$c20171203$lBLL01$h1035
=CAT  \\$aW1711-1005$c20171206$lBLL01$h1822
=FIN  \\$aY$d20091204
=FMT  \\$a  SE
=LAS  \\$aW1711-1005$b00$c20171206$lBLL01$h1822
=LET  \0$aEnd of life care strategy - annual report (PDF)
=STA  \\$aSUPPRESSED$bunable to determine reason for suppression
=TCO  \\$aCLA$bCLA$c008

