=LDR  02435 as a2200577 a 4500
=001  015591377
=003  Uk
=005  20141006093404.0
=006  m\\\\\\\\d\|\\\\\\
=007  cr||||||||||||
=008  100520d2002201uenkar\\\o\\\\\0\\\a0eng\\
=015  \\$aGBB079964$2bnb
=040  \\$aUk$beng$cUk$dUk
=042  \\$aukblsr
=082  04$a365.660942$222
=110  1\$aGreat Britain.$bCorrectional Services Accreditation Panel.
=240  10$aCorrectional Services Accreditation Panel report (Online)
=245  14$aThe Correctional Services Accreditation Panel report$h[electronic resource].
=260  \\$a[London :$bCorrectional Services Accreditation Panel]
=336  \\$atext$2rdacontent
=337  \\$acomputer$2rdamedia
=338  \\$aonline resource$2rdacarrier
=362  1\$aPrint began with 2002/2003-
=500  \\$aDescription based on: 2007/08 issue; title from PDF t.p. (publisher's Web site, viewed July 1, 2010).
=500  \\$aLatest issue consulted: 2008/2009.
=538  \\$aMode of access: World Wide Web.
=538  \\$aSystem requirements: Adobe Acrobat Reader.
=610  10$aGreat Britain.$bCorrectional Services Accreditation Panel$vPeriodicals.
=650  \0$aCriminals$xRehabilitation$zGreat Britain$vPeriodicals.
=690  7\$aSocial Welfare$2blcoll
=776  08$iAlso issued in print$tCorrectional Services Accreditation Panel report
=856  4\$uhttp://www.justice.gov.uk/about/correctional-services-accreditation.htm$zFollow links to resource
=859  \\$aELD$bejournal
=CAT  \\$a8201$b40$c20100701$lBLL01$h1411
=CAT  \\$a8201$b40$c20100701$lBLL01$h1414
=CAT  \\$a8201$b40$c20100701$lBLL01$h1423
=CAT  \\$a8478$b40$c20130903$lBLL01$h1314
=CAT  \\$aBATCH-SWP$c20130907$lBLL01$h0045
=CAT  \\$aWR14.047$c20140417$lBLL01$h1645
=CAT  \\$aWR14_072$c20140608$lBLL01$h1427
=CAT  \\$a8411$b40$c20140922$lBLL01$h1149
=CAT  \\$a8411$b40$c20140922$lBLL01$h1406
=CAT  \\$a8201$b40$c20141006$lBLL01$h0934
=CAT  \\$aW1711-1005$c20171206$lBLL01$h1822
=FIN  \\$aY$d20100701
=FMT  \\$a  SE
=LAS  \\$aW1711-1005$b00$c20171206$lBLL01$h1822
=LET  \0$aCorrectional Services Accreditation Panel report (electronic)
=LKR  \\$aPAR$b014569729$lBLL01$r776$mThe Correctional Services Accreditation Panel report.$nThe Correctional Services Accreditation Panel report.
=STA  \\$aSUPPRESSED$bIngested as issues
=TCO  \\$aCLA$bCLA$c008

