=LDR  02054 as a2200553 a 4500
=001  015666424
=003  Uk
=005  20160913121546.0
=006  m\\\\\\\\d\|\\\\\\
=007  cr||||||||||||
=008  101008d2009201uenkmr\p\s\\\\\0\\\a0eng\\
=015  \\$aGBB0C0945$2bnb
=040  \\$aUk$beng$cUk
=042  \\$aukblsr
=082  04$a381.10941105$222
=245  00$aSRC-KPMG Scottish retail sales monitor$h[electronic resource].
=260  \\$a[London :$bBRC],$c2009-
=310  \\$aMonthly
=336  \\$atext$2rdacontent
=337  \\$acomputer$2rdamedia
=338  \\$aonline resource$2rdacarrier
=362  1\$aBegan in 2009.
=500  \\$aDescription based on: July 2010 issue; title from PDF caption (publisher's Web site, viewed Oct. 8, 2010).
=530  \\$aCurrent issue available on World Wide Web.
=538  \\$aMode of access: email.
=538  \\$aSystem requirements: Adobe Acrobat Reader.
=650  \0$aRetail trade surveys$zScotland$vPeriodicals.
=650  \0$aRetail trade$zScotland$vStatistics$vPeriodicals.
=690  7\$aManagement and Business Studies$2blcoll
=710  2\$aScottish Retail Consortium.
=710  2\$aBritish Retail Consortium.
=710  2\$aKPMG Peat Marwick.
=780  00$tSRC-CSRS retail sales monitor
=856  40$uhttp://www.brc.org.uk/SRCdetails04.asp?id=1797&kData=330$zCurrent issue
=856  4\$uhttp://www.brc.org.uk/bis_about.asp$zTo subscribe
=859  \\$aELD$bejournal
=CAT  \\$a7332$b40$c20101008$lBLL01$h0806
=CAT  \\$a10983$b40$c20130417$lBLL01$h0827
=CAT  \\$aBATCH-MBS$c20130426$lBLL01$h2115
=CAT  \\$aWR13.114$c20130717$lBLL01$h1314
=CAT  \\$aWR14_072$c20140608$lBLL01$h1427
=CAT  \\$a7792$b40$c20160913$lBLL01$h1215
=CAT  \\$aW1711-1005$c20171206$lBLL01$h1822
=FIN  \\$aY$d20101008
=FMT  \\$a  SE
=LAS  \\$aW1711-1005$b00$c20171206$lBLL01$h1822
=LKR  \\$aPAR$b014577927$lBLL01$r78000$mSRC-KPMG Scottish retail sales monitor$nSRC-CSRS retail sales monitor
=STA  \\$aSUPPRESSED$bIngested as issues
=TCO  \\$aCLA$bCLA$c008

