=LDR  01944 as a2200505 a 4500
=001  015692839
=003  Uk
=005  20140520094455.0
=006  m\\\\\\\\d\|\\\\\\
=007  cr||||||||||||
=008  101111d200u201uenkar\p\o\\\\\0\\\a0eng\\
=040  \\$aUk$beng$cUk$dUk
=042  \\$aukblsr
=082  04$a363.5820941$222
=245  04$aThe draft item 8 credit and item debit (general) determination ...$h[electronic resource].
=260  \\$a[London] :$bDept. for Communities and Local Government
=310  \\$aAnnual
=336  \\$atext$2rdacontent
=337  \\$acomputer$2rdamedia
=338  \\$aonline resource$2rdacarrier
=500  \\$aDescription based on: 2009/2010 issue; title from PDF caption (publisher's Web site, viewed Nov 11, 2010).
=538  \\$aMode of access: World Wide Web.
=538  \\$aSystem requirements: Adobe Acrobat Reader.
=650  \0$aHousing subsidies$zGreat Britain$vPeriodicals.
=650  \0$aPublic housing$zGreat Britain$xFinance$vPeriodicals.
=690  7\$aSocial Welfare$2blcoll
=710  1\$aGreat Britain.$bDepartment for Communities and Local Government.
=856  4\$uhttp://www.communities.gov.uk/corporate/$zTo search
=859  \\$aELD$bejournal
=985  \\$aRecord amended for WR# 13/070
=CAT  \\$a7332$b40$c20101111$lBLL01$h1405
=CAT  \\$a7332$b40$c20101111$lBLL01$h1522
=CAT  \\$a8311$b40$c20130423$lBLL01$h1115
=CAT  \\$aBATCH-SWP$c20130426$lBLL01$h2313
=CAT  \\$aWR13_070$b00$c20130504$lBLL01$h0328
=CAT  \\$aWR13.114$c20130717$lBLL01$h1314
=CAT  \\$a8201$b40$c20140520$lBLL01$h0944
=CAT  \\$aWR14_072$c20140608$lBLL01$h1427
=CAT  \\$aW1711-1005$c20171206$lBLL01$h1823
=FIN  \\$aY$d20101111
=FMT  \\$a  SE
=LAS  \\$aW1711-1005$b00$c20171206$lBLL01$h1823
=LET  \0$aThe draft item 8 credit and item debit (general) determination ... (Electronic)
=STA  \\$aSUPPRESSED$bIngested as issues
=TCO  \\$aCLA$bCLA$c008

