=LDR  02154 as a2200577 a 4500
=001  015709213
=003  Uk
=005  20150527105843.0
=006  m\\\\\\\\d\|\\\\\\
=007  cr||||||||||||
=008  101206d20102010enkar\\\s\\\\\0\\\a0eng\\
=015  \\$aGBB0E4489$2bnb
=040  \\$aUk$beng$cUk
=042  \\$aukblsr
=082  04$a362.29$222
=100  1\$aBamber, Stephen$q(Stephen Joseph)
=245  10$aRecovery writing$h[electronic resource] /$cStephen Bamber.
=260  \\$aManchester :$bArt of Life Itself,$c2010.
=310  \\$aAnnual
=336  \\$atext$2rdacontent
=337  \\$acomputer$2rdamedia
=338  \\$aonline resource$2rdacarrier
=362  0\$aVol. 1 (2009/2010).
=500  \\$aTitle from PDF title page (publisher's Web site, viewed Dec. 5, 2010).
=520  \\$aEach issue is an anthology of articles and essays made available on "The art of life itself" website over the previous 12 months.
=538  \\$aMode of access: World Wide Web.
=538  \\$aSystem requirements: Adobe Acrobat Reader.
=650  \0$aDrug abuse$zGreat Britain$vPeriodicals.
=650  \0$aAlcoholism$zGreat Britain$vPeriodicals.
=650  \0$aDrug abuse$xTreatment$zGreat Britain$vPeriodicals.
=650  \0$aAlcoholism$xTreatment$zGreat Britain$vPeriodicals.
=690  7\$aSocial Welfare$2blcoll
=856  4\$uhttp://www.theartoflifeitself.org/$zFollow links to resource
=859  \\$aELD$bejournal
=CAT  \\$a3072$b40$c20101206$lBLL01$h1348
=CAT  \\$a3072$b40$c20101206$lBLL01$h1349
=CAT  \\$a3072$b40$c20101206$lBLL01$h1356
=CAT  \\$a3072$b40$c20101206$lBLL01$h1359
=CAT  \\$a7332$b40$c20101207$lBLL01$h0852
=CAT  \\$a8478$b40$c20130903$lBLL01$h1409
=CAT  \\$aBATCH-SWP$c20130907$lBLL01$h0045
=CAT  \\$aWR14.047$c20140417$lBLL01$h1645
=CAT  \\$aWR14_072$c20140608$lBLL01$h1427
=CAT  \\$a6550$b40$c20150527$lBLL01$h1058
=CAT  \\$aW1711-1005$c20171206$lBLL01$h1823
=FIN  \\$aY$d20101206
=FMT  \\$a  SE
=LAS  \\$aW1711-1005$b00$c20171206$lBLL01$h1823
=LET  \0$aRecovery writing (Electronic)
=STA  \\$aSUPPRESSED$bIngested as issues
=TCO  \\$aCLA$bCLA$c008

