=LDR  02693 as a2200625 a 4500
=001  015726607
=003  Uk
=005  20141114111437.0
=006  m\\\\\\\\d\|\\\\\\
=007  cr||||||||||||
=008  110106u2010uuuuenkmx\p\o\\\\\0\\\a0eng\\
=015  \\$aGBB104647$2bnb
=040  \\$aUk$beng$cUk$dUk
=042  \\$aukblsr
=082  04$a333.33822094105$222
=245  00$aResidential viewPoint$h[electronic resource].
=246  13$aResidential view point
=246  13$aResidential market viewPoint
=260  \\$a[London] :$bCB Richard Ellis,$c2010-
=336  \\$atext$2rdacontent
=337  \\$acomputer$2rdamedia
=338  \\$aonline resource$2rdacarrier
=500  \\$a"A monthly report, but is not always completed every month" - publisher's email.
=500  \\$aDescription based on: June 2010 issue; title from PDF caption (publisher's Web site, viewed Jan. 6, 2010).
=500  \\$aLatest issue consulted: Nov. 2010 viewed Jan. 6, 2010).
=538  \\$aMode of access: email and World Wide Web.
=538  \\$aSystem requirements: Adobe Acrobat Reader.
=650  \0$aResidential real estate$xEconomic aspects$zGreat Britain$vPeriodicals.
=690  7\$aManagement and Business Studies$2blcoll
=710  2\$aCB Richard Ellis.
=780  10$tResidential market view
=856  40$uhttp://www.cbre.co.uk/portal/page/portal/uk_en/research$zTo view current report; follow links to resource
=859  \\$aELD$bejournal
=985  \\$amay be continue "Residential market view" but note sure.
=985  \\$aAlso a publication called "UK residential viewpoint" with a Q3 2010 issue; 015726607 has Nov. 2010 sent via email as "Q3"; publisher confirmed 6/1/2010 they are two different serials, the former is a quarterly, and latter usually monthly.
=CAT  \\$a3072$b40$c20110106$lBLL01$h1218
=CAT  \\$a3072$b40$c20110106$lBLL01$h1220
=CAT  \\$a3072$b40$c20110106$lBLL01$h1338
=CAT  \\$a3072$b40$c20110106$lBLL01$h1354
=CAT  \\$a3072$b40$c20110106$lBLL01$h1733
=CAT  \\$a3072$b40$c20110107$lBLL01$h1001
=CAT  \\$a3072$b40$c20110111$lBLL01$h1233
=CAT  \\$a8311$b40$c20130522$lBLL01$h1037
=CAT  \\$aBATCH-MBS$c20130531$lBLL01$h2117
=CAT  \\$aWR13.114$c20130717$lBLL01$h1314
=CAT  \\$aWR14_072$c20140608$lBLL01$h1427
=CAT  \\$a8201$b40$c20141114$lBLL01$h1114
=CAT  \\$aW1711-1005$c20171206$lBLL01$h1823
=FIN  \\$aY$d20110106
=FMT  \\$a  SE
=LAS  \\$aW1711-1005$b00$c20171206$lBLL01$h1823
=LET  \0$aResidential viewpoint (Electronic)
=LKR  \\$aPAR$b015431561$lBLL01$r78000$mResidential viewPoint$nResidential market view
=STA  \\$aSUPPRESSED$bIngested as issues
=TCO  \\$aCLA$bCLA$c008

