=LDR  02185 as a2200601 a 4500
=001  015747199
=003  Uk
=005  20150203094022.0
=006  m\\\\\\\\d\|\\\\\\
=007  cr||||||||||||
=008  110207d2011201uenkqr\p\o\\\\\0\\\a0eng\\
=015  \\$aGBB117131$2bnb
=040  \\$aUk$beng$cUk$dUk
=042  \\$aukblsr
=082  04$a331.88113711094105$222
=110  2\$aUniversity and College Union (Great Britain)
=240  10$aUC (Online)
=245  10$aUC$h[electronic resource].
=260  \\$aLondon :$bUCU,$c2011-
=310  \\$aFour issues yearly
=336  \\$atext$2rdacontent
=337  \\$acomputer$2rdamedia
=338  \\$aonline resource$2rdacarrier
=362  0\$aSummer 2011-
=500  \\$a"UC - membership magazine."
=538  \\$aMode of access: email and World Wide Web.
=538  \\$aSystem requirements: Adobe Acrobat Reader.
=588  \\$aTitle from PDF caption (email, sent 02/11/2010).
=610  20$aUniversity and College Union (Great Britain)$vPeriodicals.
=650  \0$aCollege teachers$xSalaries, etc.$zGreat Britain$vPeriodicals.
=650  \0$aCollege teachers$xEmployment$zGreat Britain$vPeriodicals.
=690  7\$aManagement and Business Studies$2blcoll
=780  00$aUniversity and College Union (Great Britain)$tUC
=856  4\$uhttp://www.ucu.org.uk/index.cfm?articleid=1921$zMembership required to access
=859  \\$aELD$bejournal
=CAT  \\$a5997$b40$c20110207$lBLL01$h1103
=CAT  \\$a5997$b40$c20110207$lBLL01$h1105
=CAT  \\$a5997$b40$c20110207$lBLL01$h1122
=CAT  \\$a5997$b40$c20110608$lBLL01$h1147
=CAT  \\$a5997$b40$c20110608$lBLL01$h1149
=CAT  \\$a8311$b40$c20130520$lBLL01$h1403
=CAT  \\$aBATCH-MBS$c20130524$lBLL01$h2059
=CAT  \\$aWR13.114$c20130717$lBLL01$h1314
=CAT  \\$aWR14_072$c20140608$lBLL01$h1427
=CAT  \\$a8201$b40$c20150203$lBLL01$h0940
=CAT  \\$aW1711-1005$c20171206$lBLL01$h1823
=FIN  \\$aY$d20110608
=FMT  \\$a  SE
=LAS  \\$aW1711-1005$b00$c20171206$lBLL01$h1823
=LET  \0$aUC (Electronic)
=LKR  \\$aPAR$b013500807$lBLL01$nUC (Print)$mUC (Online)$r78010
=STA  \\$aSUPPRESSED$bIngested as issues
=TCO  \\$aCLA$bCLA$c008

