=LDR  02347cas a2200577 a 4500
=001  015748109
=003  Uk
=005  20120209155758.0
=006  m\\\\\\\\d\|\\\\\\
=007  cr||||||||||||
=008  110208c200u9999ie\qr\p\s\\\\\0\\\a0eng\\
=FMT  \\$a  SE
=015  \\$aGBB117556$2bnb
=040  \\$aUk$beng$cUk
=042  \\$aukblsr
=082  04$a333.338220941505$222
=130  0\$aIrish residential market (Online)
=245  10$aIrish residential market$h[electronic resource].
=246  13$aIrish residential review
=260  \\$a[Dublin] :$bSherry FitzGerald
=310  \\$aQuarterly
=336  \\$atext$2rdacontent
=337  \\$acomputer$2rdamedia
=338  \\$aonline resource$2rdacarrier
=538  \\$aMode of access: World Wide Web.
=580  \\$aTo spring 2010 also issued in print format.
=588  \\$aDescription based on: Summer review 2008; title from title page (publisher's Web site, viewed Feb. 9, 2011).
=588  \\$aLatest issue consulted: Summer review 2010 = 2010, Q2; title from title page (publisher's Web site, viewed Feb. 9, 2011).
=650  \0$aReal estate business$zIreland$vPeriodicals.
=650  \0$aMarket surveys$zIreland$vPeriodicals.
=690  7\$aManagement and Business Studies$2blcoll
=710  2\$aSherry FitzGerald (Firm)
=780  10$tIrish residential market
=856  4\$uhttp://www.sherryfitz.ie/resi/buy/marketreports.aspx$zFollow links to resource
=859  \\$aELD$bejournal
=985  \\$aConverted to PDF format; on original version users can "turn" pages using arrow keys, and use zoom facilities
=CAT  \\$a3072$b40$c20110208$lBLL01$h1629
=CAT  \\$a3072$b40$c20110208$lBLL01$h1630
=CAT  \\$a3072$b40$c20110209$lBLL01$h1616
=CAT  \\$a3072$b40$c20110209$lBLL01$h1655
=CAT  \\$aBATCH-MBS$c20110218$lBLL01$h2052
=CAT  \\$a11279$b40$c20120209$lBLL01$h1557
=CAT  \\$aWR13.114$c20130717$lBLL01$h1314
=CAT  \\$aW1711-1225$c20171203$lBLL01$h1041
=CAT  \\$aW1711-1005$c20171206$lBLL01$h1823
=FIN  \\$aY$d20110208
=LET  \0$aIrish residential market (Electronic)
=LKR  \\$aPAR$b015477074$lBLL01$r78010$mIrish residential market (Online)$nIrish residential market (Print)
=STA  \\$aSUPPRESSED$bunable to determine reason for suppression
=TCO  \\$aIRL$bICLA$c008
=LAS  \\$aW1711-1005$b00$c20171206$lBLL01$h1823

