=LDR  01862 as a2200493 a 4500
=001  015752356
=003  Uk
=005  20140423091514.0
=006  m\\\\\\\\d\|\\\\\\
=007  cr||||||||||||
=008  110215d200u2014enkwr\p\o\\\\\0\\\a0eng\\
=015  \\$aGBB120818$2bnb
=040  \\$aUk$beng$cUk$dUk
=042  \\$aukblsr
=082  04$a368.006541$222
=245  00$aLondon market week$h[electronic resource].
=260  \\$aOrpington :$bBannister International Research Organisation
=310  \\$aWeekly
=336  \\$atext$2rdacontent
=337  \\$acomputer$2rdamedia
=338  \\$aonline resource$2rdacarrier
=500  \\$aDescription based on: Issue no. 576 of 22nd Nov. 2010; title from PDF caption (issue downloaded 21/12/2010).
=500  \\$aLatest issue consulted: issue no. 622 of 9th Feb. 2011; title from PDF caption (issue downloaded 14/02/2011).
=538  \\$aMode of access: email.
=538  \\$aSystem requirements: Adobe Acrobat Reader.
=650  \0$aInsurance companies$zGreat Britain$vPeriodicals.
=650  \0$aInsurance companies$zGreat Britain$xRatings$vPeriodicals.
=690  7\$aManagement and Business Studies$2blcoll
=710  2\$aBannister International Research Organisation.
=856  4\$uhttp://www.biro.co.uk/1344/index.html$zTo subscribe
=859  \\$aELD$bejournal
=CAT  \\$a7332$b40$c20110215$lBLL01$h1229
=CAT  \\$a11433$b40$c20130410$lBLL01$h1610
=CAT  \\$aBATCH-MBS$c20130419$lBLL01$h2114
=CAT  \\$aWR13.114$c20130717$lBLL01$h1314
=CAT  \\$a8201$b40$c20140423$lBLL01$h0915
=CAT  \\$aWR14_072$c20140608$lBLL01$h1427
=CAT  \\$aW1711-1005$c20171206$lBLL01$h1823
=FIN  \\$aY$d20110215
=FMT  \\$a  SE
=LAS  \\$aW1711-1005$b00$c20171206$lBLL01$h1823
=LET  \0$aLondon market week (Electronic)
=STA  \\$aSUPPRESSED$bIngested as issues
=TCO  \\$aCLA$bCLA$c008

