=LDR  02239 as a2200577 a 4500
=001  015795882
=003  Uk
=005  20150526142940.0
=006  m\\\\\\\\d\|\\\\\\
=007  cr||||||||||||
=008  110420d2008201uenkar\\\s\s\\\0\\\a0eng\\
=015  \\$aGBB150739$2bnb
=040  \\$aUk$beng$cUk
=042  \\$aukblsr
=082  04$a333.8233130942$222
=245  00$aLower layer super output area (LLSOA) gas estimates ... .$pEngland and Wales$h[electronic resource].
=246  1\$iMinor title change:$aLower layer super output area (LLSOA) domestic gas estimates.$pEngland and Wales$f2009-
=260  \\$a[London] :$bDept. of Energy and Climate Change,$c2010-
=310  \\$aAnnual
=336  \\$atext$2rdacontent
=337  \\$acomputer$2rdamedia
=338  \\$aonline resource$2rdacarrier
=362  0\$a2008-
=500  \\$aTitle from Excel caption (publisher's Web site, viewed on 20 Apr.2011).
=538  \\$aMode of access: World Wide Web.
=538  \\$aSystem requirements: Microsoft Excel.
=588  \\$aLatest issue consulted: 2009 (viewed on 20 Apr.2011).
=650  \0$aEnergy consumption$zEngland$vStatistics.
=650  \0$aEnergy consumption$zWales$vStatistics.
=650  \0$aNatural gas$zEngland$vStatistics.
=650  \0$aNatural gas$zWales$vStatistics.
=710  1\$aGreat Britain.$bDepartment of Energy and Climate Change.
=856  4\$uhttp://www.decc.gov.uk/publications/$zTo search
=859  \\$aELD$bejournal
=985  \\$aRecord amended for WR# 13/070
=CAT  \\$a7332$b40$c20110420$lBLL01$h0827
=CAT  \\$a7332$b40$c20110420$lBLL01$h0846
=CAT  \\$a7332$b40$c20110420$lBLL01$h0918
=CAT  \\$a7332$b40$c20110420$lBLL01$h1046
=CAT  \\$a8311$b40$c20130423$lBLL01$h1153
=CAT  \\$aWR13_070$b00$c20130504$lBLL01$h0331
=CAT  \\$aWR13.114$c20130717$lBLL01$h1315
=CAT  \\$aWR14_072$c20140608$lBLL01$h1427
=CAT  \\$a6550$b40$c20150526$lBLL01$h1429
=CAT  \\$aW1711-1005$c20171206$lBLL01$h1823
=FIN  \\$aY$d20110420
=FMT  \\$a  SE
=LAS  \\$aW1711-1005$b00$c20171206$lBLL01$h1823
=LET  \0$aLower layer super output area (LLSOA) gas estimates. England and Wales (Electronic)
=STA  \\$aSUPPRESSED$bIngested as issues
=TCO  \\$aCLA$bCLA$c008

