=LDR  02250 as a2200541 a 4500
=001  015796329
=003  Uk
=005  20150203090756.0
=006  m\\\\\\\\d\|\\\\\\
=007  cr||||||||||||
=008  110421d200u201uenkuu\p\or\\\o0\\\a0eng\\
=015  \\$aGBB150870$2bnb
=040  \\$aUk$beng$cUk$dUk
=042  \\$aukblsr
=082  04$a635.9029416$222
=130  0\$aAmenity horticulture directory for Northern Ireland (Online)
=245  10$aAmenity horticulture directory for Northern Ireland$h[electronic resource].
=246  1\$iWeb site list title:$aNursery trade directory
=260  \\$aBelfast :$bDepartment of Agriculture and Rural Development
=336  \\$atext$2rdacontent
=337  \\$acomputer$2rdamedia
=338  \\$aonline resource$2rdacarrier
=538  \\$aMode of access: World Wide Web.
=538  \\$aSystem requirements: Adobe Acrobat Reader.
=580  \\$aPreviously issued in print.
=588  \\$aDescription based on: 11/12 issue; title from PDF cover page (publisher's Web site, viewed Apr. 21, 2011).
=650  \0$aHorticulture$zNorthern Ireland$vDirectories.
=650  \0$aLandscape gardening$zNorthern Ireland$vDirectories.
=650  \0$aNurseries (Horticulture)$zNorthern Ireland$vDirectories.
=710  1\$aNorthern Ireland.$bDepartment of Agriculture and Rural Development.
=710  2\$aGrowers NI (Association)
=856  4\$uhttp://www.dardni.gov.uk/index.htm$zTo seaerch
=859  \\$aELD$bejournal
=985  \\$aRecord amended for WR# 13/070
=CAT  \\$a5997$b40$c20110421$lBLL01$h0810
=CAT  \\$a6790$b40$c20130429$lBLL01$h0916
=CAT  \\$aWR13_070$b00$c20130504$lBLL01$h0331
=CAT  \\$aWR13.114$c20130717$lBLL01$h1315
=CAT  \\$aWR14_072$c20140608$lBLL01$h1427
=CAT  \\$a8201$b40$c20150203$lBLL01$h0907
=CAT  \\$aW1711-1005$c20171206$lBLL01$h1823
=FIN  \\$aY$d20110421
=FMT  \\$a  SE
=LAS  \\$aW1711-1005$b00$c20171206$lBLL01$h1823
=LET  \0$aAmenity horticulture directory for Northern Ireland (Electronic)
=LKR  \\$aPAR$b014835103$lBLL01$nAmenity horticulture directory for Northern Ireland (Print)$mAmenity horticulture directory for Northern Ireland (Online)$r78010
=STA  \\$aSUPPRESSED$bIngested as issues
=TCO  \\$aCLA$bCLA$c008

