=LDR  02078 as a2200529 a 4500
=001  015829740
=003  Uk
=005  20150415110425.0
=006  m\\\\\\\\d\|\\\\\\
=007  cr||||||||||||
=008  110621d20uu201uenkar\p\s\\\\o0\\\a0eng\\
=015  \\$aGBB174595$2bnb
=040  \\$aUk$beng$cUk
=042  \\$aukblsr
=082  04$a362.1068$223
=110  1\$aGreat Britain.$bDepartment of Health.
=245  10$aTechnical guidance for the ... operating framework$h[electronic resource].
=260  \\$aLondon :$bDept. of Health
=310  \\$aAnnual
=336  \\$atext$2rdacontent
=337  \\$acomputer$2rdamedia
=338  \\$aonline resource$2rdacarrier
=538  \\$aMode of access: World Wide Web.
=538  \\$aSystem requirements: Adobe Acrobat Reader.
=588  \\$aDescription based on: 2011/12 issue; title from PDF cover page (publisher's Web site, viewed June 21, 2011).
=610  10$aGreat Britain.$bNational Health Service$vPeriodicals.
=650  \0$aNational health services$zGreat Britain$xAdministration$vPeriodicals.
=787  0\$aGreat Britain. Dept. of Health$tNHS in England
=856  4\$uhttp://www.dh.gov.uk$zTo search
=859  \\$aELD$bejournal
=985  \\$aRecord amended for WR# 13/070
=CAT  \\$a5997$b40$c20110621$lBLL01$h1309
=CAT  \\$a5997$b40$c20110621$lBLL01$h1310
=CAT  \\$a3072$b40$c20120416$lBLL01$h1446
=CAT  \\$aWR13_070$b00$c20130504$lBLL01$h0332
=CAT  \\$aWR13_070$b00$c20130525$lBLL01$h1415
=CAT  \\$aWR14.047$c20140417$lBLL01$h1646
=CAT  \\$a6550$b40$c20150415$lBLL01$h1104
=CAT  \\$aW1711-1225$c20171203$lBLL01$h1043
=CAT  \\$aW1711-1005$c20171206$lBLL01$h1823
=FIN  \\$aY$d20110621
=FMT  \\$a  SE
=LAS  \\$aW1711-1005$b00$c20171206$lBLL01$h1823
=LET  \0$aTechnical guidance for the ... operating framework (Electronic)
=LKR  \\$aPAR$b015623062$lBLL01$nOperating framework for the NHS in England$mTechnical guidance for the ... operating framework$r787
=STA  \\$aSUPPRESSED$bunable to determine reason for suppression
=TCO  \\$aCLA$bCLA$c008

