=LDR  02049 as a2200517 a 4500
=001  015831174
=003  Uk
=005  20150715140331.0
=006  m\\\\\\\\d\|\\\\\\
=007  cr||||||||||||
=008  110622d20092012enkar\\\s\\\\o0\\\a0eng\\
=015  \\$aGBB175889$2bnb
=040  \\$aUk$beng$cUk
=042  \\$aukblsr
=082  04$a361.250941$222
=245  00$aLocal Involvement Networks (LINks) annual reports$h[electronic resource] /$cCommissioning, Analysis & Intelligence Team.
=260  \\$a[London] :$bDept. of Health,$c2010-
=336  \\$atext$2rdacontent
=337  \\$acomputer$2rdamedia
=338  \\$aonline resource$2rdacarrier
=538  \\$aMode of access: World Wide Web.
=538  \\$aSystem requirements: Adobe Acrobat Reader.
=588  \\$aTitle from PDF cover page (publisher's Web site, viewed June 22, June 2011).
=650  \0$aPrimary health care$zGreat Britain$xCitizen participation$vPeriodicals.
=650  \0$aSocial service$zGreat Britain$xCitizen participation$vPeriodicals.
=690  7\$aSocial Welfare$2blcoll
=710  1\$aGreat Britain.$bDepartment of Health.$bCommissioning, Analysis & Intelligence Team.
=856  4\$uhttp://www.dh.gov.uk/en/Publicationsandstatistics/Publications/index.htm$zTo search
=859  \\$aELD$bejournal
=985  \\$aRecord amended for WR# 13/070
=CAT  \\$a5997$b40$c20110622$lBLL01$h0808
=CAT  \\$a5997$b40$c20110622$lBLL01$h0810
=CAT  \\$a9572$b40$c20110629$lBLL01$h1622
=CAT  \\$aWR13_070$b00$c20130504$lBLL01$h0332
=CAT  \\$a6790$b40$c20130606$lBLL01$h1436
=CAT  \\$aBATCH-SWP$c20130614$lBLL01$h2339
=CAT  \\$aWR13.114$c20130717$lBLL01$h1315
=CAT  \\$aWR14_072$c20140608$lBLL01$h1428
=CAT  \\$a6550$b40$c20150715$lBLL01$h1403
=CAT  \\$aW1711-1005$c20171206$lBLL01$h1823
=FIN  \\$aY$d20110622
=FMT  \\$a  SE
=LAS  \\$aW1711-1005$b00$c20171206$lBLL01$h1823
=LET  \0$aLocal Involvement Networks (LINks) annual reports (Electronic)
=STA  \\$aSUPPRESSED$bIngested as issues
=TCO  \\$aCLA$bCLA$c008

