=LDR  01592 as a2200481 a 4500
=001  015847667
=003  Uk
=005  20140521095125.0
=006  m\\\\\\\\d\|\\\\\\
=007  cr||||||||||||
=008  110713c20119999enkmr\p\s\\\\\0\\\a0eng\\
=015  \\$aGBB184580$2bnb
=040  \\$aUk$beng$cUk
=042  \\$aukblsr
=082  04$a338.766692$223
=245  00$aGlobal gypsum monthly$h[electronic resource].
=246  30$aGobal gypsum
=260  \\$aEpsom :$bPRo Publications International,$c2011-
=310  \\$aMonthly
=336  \\$atext$2rdacontent
=337  \\$acomputer$2rdamedia
=338  \\$aonline resource$2rdacarrier
=538  \\$aMode of access: World Wide Web.
=538  \\$aSystem requirements: Adobe Acrobat Reader.
=588  \\$aTitle from PDF caption (email attachement, sent 04/07/2011).
=650  \0$aGypsum industry$vPeriodicals.
=690  7\$aManagement and Business Studies$2blcoll
=856  0\$umailto:email@propubs.com$zTo subscribe
=859  \\$aELD$bejournal
=985  \\$aOut of scope, May 21, 2014.
=CAT  \\$a5997$b40$c20110713$lBLL01$h0907
=CAT  \\$a8311$b40$c20130607$lBLL01$h1425
=CAT  \\$aBATCH-MBS$c20130614$lBLL01$h2122
=CAT  \\$aWR13.114$c20130717$lBLL01$h1315
=CAT  \\$a8201$b40$c20140521$lBLL01$h0951
=CAT  \\$aWR14_072$c20140608$lBLL01$h1428
=CAT  \\$aW1711-1005$c20171206$lBLL01$h1823
=FIN  \\$aY$d20110713
=FMT  \\$a  SE
=LAS  \\$aW1711-1005$b00$c20171206$lBLL01$h1823
=LET  \0$aGlobal gypsum monthly (Electronic)
=STA  \\$aSUPPRESSED$bIngested as issues
=TCO  \\$aCLA$bCLA$c008

