=LDR  02483 as a2200553 a 4500
=001  015857645
=003  Uk
=005  20150323125320.0
=006  m\\\\\\\\d\\\\\\\\
=007  cr\|||||||||||
=008  110728u2007uuuuenkuu\\\s\\\\o0\\\a0eng\\
=015  \\$aGBB198210$2bnb
=040  \\$aUk$beng$cUk
=042  \\$aukblsr
=082  04$a363.7280942876$223
=245  00$aNewcastle Upon Tyne City Council$h[electronic resource] :$breport of data quality visit for the Landfill Allowances and Trading Scheme.
=246  1\$iWeb site list title:$aLandfill Allowances and Trading Scheme data quality visit report, Newcastle Upon Tyne City Council
=246  17$aEnvironment Agency data quality report for LATS, Newcastle Upon Tyne
=260  \\$aSheffield :$bEnvironment Agency,$c2007-
=336  \\$atext$2rdacontent
=337  \\$acomputer$2rdamedia
=338  \\$aonline resource$2rdacarrier
=362  0\$aDec. 2007-
=500  \\$aTitle from PDF cover (publisher's Web site, viewed July 28, 2011).
=538  \\$aSystem requirements: Adobe Acrobat Reader.
=538  \\$aMode of access: World Wide Web.
=588  \\$aLatest issue consulted: Feb. 2011 issue (viewed July 28, 2011).
=610  10$aGreat Britain.$bLandfill Allowances and Trading Scheme$vPeriodicals.
=650  \0$aRefuse and refuse disposal$xBiodegradation$zEngland$zNewcastle$xEvaluation$vPeriodicals.
=650  \0$aWaste disposal in the ground$zEngland$zNewcastle$xEvaluation$vPeriodicals.
=650  \0$aRefuse and refuse disposal$zEngland$zNewcastle$xManagement$vPeriodicals.
=710  1\$aGreat Britain.$bEnvironment Agency.
=856  4\$uhttp://publications.environment-agency.gov.uk/epages/eapublications.storefront?lang=_e$zTo search
=859  \\$aELD$bejournal
=CAT  \\$a11316$b40$c20110728$lBLL01$h0919
=CAT  \\$a11316$b40$c20110728$lBLL01$h1310
=CAT  \\$a11316$b40$c20110728$lBLL01$h1313
=CAT  \\$a11316$b40$c20110819$lBLL01$h1448
=CAT  \\$a6790$b40$c20130606$lBLL01$h1336
=CAT  \\$aWR13.114$c20130717$lBLL01$h1315
=CAT  \\$aWR14_072$c20140608$lBLL01$h1428
=CAT  \\$a6550$b40$c20150323$lBLL01$h1253
=CAT  \\$aW1711-1005$c20171206$lBLL01$h1823
=FIN  \\$aY$d20110819
=FMT  \\$a  SE
=LAS  \\$aW1711-1005$b00$c20171206$lBLL01$h1823
=LET  \0$aNewcastle Upon Tyne City Council : report of data quality visit for the Landfill Allowances and Trading Scheme (Electronic)
=STA  \\$aSUPPRESSED$bIngested as issues
=TCO  \\$aCLA$bCLA$c008

