=LDR  02145 as a2200565 a 4500
=001  015876147
=003  Uk
=005  20150715140815.0
=006  m\\\\\\\\d\\\\\\\\
=007  cr\|||||||||||
=008  110824d20092012stkar\\\s\\\\o0\\\a0eng\\
=015  \\$aGBB1B2115$2bnb
=040  \\$aUk$beng$cUk
=042  \\$aukblsr
=082  04$a507.4411$223
=245  00$aScience centre research, omnibus survey report$h[electronic resource].
=260  \\$a[Edinburgh] :$bScottish Government Social Research,$c2011-
=310  \\$aAnnual
=336  \\$atext$2rdacontent
=337  \\$acomputer$2rdamedia
=338  \\$aonline resource$2rdacarrier
=362  0\$a2009-
=490  0\$aSocial Research series,$x2045-6964
=500  \\$aTitle from PDF title page (publisher's Web site, viewed Aug. 24, 2011).
=500  \\$a"Public services and government".
=538  \\$aSystem requirements: Adobe Acrobat Reader.
=538  \\$aMode of access: World Wide Web.
=580  \\$aAlso published as separate summary.
=588  \\$aLatest issue consulted: 2010 issue, published in 2011 (viewed Aug. 24, 2011).
=650  \0$aScience museums$zScotland$xPublic opinion$vPeriodicals.
=710  1\$aScotland.$bSocial Research.
=787  1\$tScience centre research omnibus survey report (Research findings)
=856  4\$uhttp://www.scotland.gov.uk/Publications/Recent$zTo search
=859  \\$aELD$bejournal
=CAT  \\$a11316$b40$c20110824$lBLL01$h1550
=CAT  \\$a11316$b40$c20110825$lBLL01$h0918
=CAT  \\$a11316$b40$c20110825$lBLL01$h0928
=CAT  \\$a11316$b40$c20110923$lBLL01$h0947
=CAT  \\$a11316$b40$c20110923$lBLL01$h0948
=CAT  \\$a8311$b40$c20130611$lBLL01$h1434
=CAT  \\$aWR13.114$c20130717$lBLL01$h1315
=CAT  \\$aWR14_072$c20140608$lBLL01$h1428
=CAT  \\$a6550$b40$c20150715$lBLL01$h1408
=CAT  \\$aW1711-1005$c20171206$lBLL01$h1823
=FIN  \\$aY$d20110923
=FMT  \\$a  SE
=LAS  \\$aW1711-1005$b00$c20171206$lBLL01$h1823
=LET  \0$aScience Centre research, omnibus survey report (Social Research series) (Electronic)
=STA  \\$aSUPPRESSED$bIngested as issues
=TCO  \\$aCLA$bCLA$c008

