=LDR  01921 as a2200517 a 4500
=001  015886062
=003  Uk
=005  20150320114731.0
=006  m\\\\\\\\d\|\\\\\\
=007  cr||||||||||||
=008  110907d200u2010enkar\p\s\s\\o0\\\a0eng\\
=015  \\$aGBB1A6808$2bnb
=040  \\$aUk$beng$cUk
=042  \\$aukblsr
=082  04$a378.41$223
=245  00$aNational student survey$h[electronic resource] :$bfindings and trends ... to ...
=260  \\$a[Bristol] :$bHEDCE
=310  \\$aAnnual
=336  \\$atext$2rdacontent
=337  \\$acomputer$2rdamedia
=338  \\$aonline resource$2rdacarrier
=490  1\$aIssues paper
=538  \\$aMode of access: World Wide Web.
=538  \\$aSystem requirements: Adobe Acrobat Reader.
=588  \\$aDescription based on: 2006/2009 issue (Issues paper 2010/18) ; title from PDF caption (publisher's Web site, viewed Sept. 7, 2011).
=588  \\$aLatest issue consulted: 2006/2010 (Issues paper 2011/11).
=650  \0$aEducation, Higher$zGreat Britain$vPeriodicals.
=650  \0$aCollege students$zGreat Britain$vPeriodicals.
=651  \0$aGreat Britain$vSurveys.
=710  2\$aHigher Education Funding Council for England.
=830  \0$aIssues paper (Higher Education Funding Council for England)
=856  4\$uhttp://www.hefce.ac.uk/pubs/$zTo search
=859  \\$aELD$bejournal
=CAT  \\$a5997$b40$c20110907$lBLL01$h0930
=CAT  \\$aBATCH-TCO$c20120117$lBLL01$h0039
=CAT  \\$a6790$b40$c20130805$lBLL01$h0831
=CAT  \\$aBATCH-859E$c20140205$lBLL01$h2152
=CAT  \\$aWR14_072$c20140608$lBLL01$h1428
=CAT  \\$a6550$b40$c20150320$lBLL01$h1147
=CAT  \\$aW1711-1005$c20171206$lBLL01$h1823
=FIN  \\$aY$d20110907
=FMT  \\$a  SE
=LAS  \\$aW1711-1005$b00$c20171206$lBLL01$h1823
=LET  \0$aNational student survey. Findings and trends (Electronic)
=STA  \\$aSUPPRESSED$bIngested as issues
=TCO  \\$aCLA$bCLA$c008

