=LDR  02514 as a2200553 a 4500
=001  015905471
=003  Uk
=005  20150421100014.0
=006  m\\\\\\\\d\|\\\\\\
=007  cr||||||||||||
=008  111006d200u201uenkar\p\so\\\\0\\\a0eng\\
=015  \\$aGBB1B6981$2bnb
=040  \\$aUk$beng$cUk$dUk
=042  \\$aukblsr
=082  04$a352.840941$223
=110  1\$aGreat Britain.$bOffice of the Regulator of Community Interest Companies.
=245  10$aCorporate plan ... & business objectives ...$h[electronic resource] /$cOffice of the Regulator of Community Interest Companies.
=246  3\$aCorporate plan ... and business objectives
=260  \\$a[London] :$bOffice of the Regulator of Community Interest Companies
=310  \\$aAnnual
=336  \\$atext$2rdacontent
=337  \\$acomputer$2rdamedia
=338  \\$aonline resource$2rdacarrier
=515  \\$a2006/2010 & 2007/2008 issue also numbered as 2007/2010 & 2007/2008.
=538  \\$aMode of access: World Wide Web.
=538  \\$aSystem requirements: Adobe Acrobat Reader.
=588  \\$aDescription based on: 2006/2010 & 2007/2008 issue; title from PDF title page (publisher's Web site, viewed Oct. 6, 2011).
=588  \\$aLatest issue consulted: 2010/2013 & 2010/2011 (viewed Oct. 6, 2011).
=610  10$aGreat Britain.$bOffice of the Regulator of Community Interest Companies$vPeriodicals.
=650  \0$aCommunity development corporations$zGreat Britain$vPeriodicals.
=650  \0$aSocial responsibility of business$zGreat Britain$vPeriodicals.
=650  \0$aPublic administration$zGreat Britain$vPeriodicals.
=690  7\$aManagement and Business Studies$2blcoll
=856  4\$uhttp://bis.ecgroup.net/Publications/CommunityInterestCompaniesRegulator/OperationalReports.aspx$zFollow links to resource
=859  \\$aELD$bejournal
=CAT  \\$a5997$b40$c20111006$lBLL01$h0956
=CAT  \\$a5997$b40$c20111006$lBLL01$h1030
=CAT  \\$a5997$b40$c20111011$lBLL01$h1154
=CAT  \\$aBATCH-TCO$c20120117$lBLL01$h0039
=CAT  \\$aWR13.114$c20130717$lBLL01$h1315
=CAT  \\$a6550$b40$c20150421$lBLL01$h1000
=CAT  \\$aW1711-1225$c20171203$lBLL01$h1045
=CAT  \\$aW1711-1005$c20171206$lBLL01$h1823
=FIN  \\$aY$d20111006
=FMT  \\$a  SE
=LAS  \\$aW1711-1005$b00$c20171206$lBLL01$h1823
=LET  \0$aCorporate plan & business objectives - Office of the Regulator of Community Interest Companies (Electronic)
=STA  \\$aSUPPRESSED$bunable to determine reason for suppression
=TCO  \\$aCLA$bCLA$c008

