=LDR  01862 as a2200517 a 4500
=001  015906083
=003  Uk
=005  20130611141949.0
=006  m\\\\\\\\d\|\\\\\\
=007  cr||||||||||||
=008  111007c200u9999enk\r\p\s\\\\\0\\\a0eng\\
=015  \\$aGBB1B7396$2bnb
=040  \\$aUk$beng$cUk
=042  \\$aukblsr
=082  04$a333.3387220941$223
=245  00$aUK regional office markets$h[electronic resource].
=260  \\$a[Great Britain] :$bCB Richard Ellis
=336  \\$atext$2rdacontent
=337  \\$acomputer$2rdamedia
=338  \\$aonline resource$2rdacarrier
=490  0\$aReview
=538  \\$aMode of access: World Wide Web.
=538  \\$aSystem requirements: Adobe Acrobat Reader.
=588  \\$aDescription based on: 2011, H1 issue; title from PDF caption (publisher's Web site, viewed Oct. 7, 2011).
=650  \0$aReal estate office buildings$zGreat Britain$vPeriodicals.
=650  \0$aReal estate investment$zGreat Britain$vPeriodicals.
=690  7\$aManagement and Business Studies$2blcoll
=710  2\$aCB Richard Ellis.
=856  4\$uhttp://www.cbre.co.uk/uk_en/research$zTo search
=859  \\$aELD$bejournal
=985  \\$aseems to be running in parallel to 016084609
=CAT  \\$a5997$b40$c20111007$lBLL01$h1249
=CAT  \\$aBATCH-TCO$c20120117$lBLL01$h0040
=CAT  \\$a3072$b40$c20120511$lBLL01$h1454
=CAT  \\$a3072$b40$c20121102$lBLL01$h1414
=CAT  \\$a8311$b40$c20130611$lBLL01$h1419
=CAT  \\$aBATCH-MBS$c20130614$lBLL01$h2122
=CAT  \\$aWR13.114$c20130717$lBLL01$h1315
=CAT  \\$aWR14_072$c20140608$lBLL01$h1428
=CAT  \\$aW1711-1005$c20171206$lBLL01$h1823
=FIN  \\$aY$d20111007
=FMT  \\$a  SE
=LAS  \\$aW1711-1005$b00$c20171206$lBLL01$h1823
=LET  \0$aUK regional office markets (Electronic)
=STA  \\$aSUPPRESSED$bIngested as issues
=TCO  \\$aCLA$bCLA$c008

