=LDR  02169 as a2200541 a 4500
=001  015966539
=003  Uk
=005  20130702151842.0
=006  m\\\\\\\\d\|\\\\\\
=007  cr||||||||||||
=008  111110c20079999enk\x\\\s\\\\\0\\\a0eng\\
=015  \\$aGBB1D0001$2bnb
=040  \\$aUk$beng$cUk
=042  \\$aukblsr
=082  04$a364.380941$223
=245  00$aPositive practice positive outcomes$h[electronic resource] :$ba handbook for professionals in the criminal justice system working with offenders with learning disabilities.
=260  \\$a[London] :$bCare Services Improvement Partnership,$c2007-
=260  3\$a[London] :$bDepartment of Health
=336  \\$atext$2rdacontent
=337  \\$acomputer$2rdamedia
=338  \\$aonline resource$2rdacarrier
=362  0\$a[1st ed.] (2007)-
=500  \\$aTitle from PDF cover (publisher's Web site, viewed Nov. 10, 2011).
=500  \\$aLatest issue consulted: 2011 ed. (viewed Nov. 10, 2011).
=538  \\$aMode of access: World Wide Web.
=538  \\$aSystem requirements: Adobe Acrobat Reader.
=650  \0$aLearning disabled$xServices for$zGreat Britain$vPeriodicals.
=650  \0$aOffenders with mental disabilities$xServices for$zGreat Britain$vPeriodicals.
=690  7\$aSocial Welfare$2blcoll
=710  1\$aGreat Britain.$bDepartment of Health.
=710  2\$aCare Services Improvement Partnership.
=856  4\$uhttp://www.dh.gov.uk/health/category/publications/reports-publications/$zTo search
=859  \\$aELD$bejournal
=985  \\$aRecord amended for WR# 13/070
=CAT  \\$a8201E$b40$c20111110$lBLL01$h0947
=CAT  \\$a8201E$b40$c20111110$lBLL01$h0951
=CAT  \\$aBATCH-TCO$c20120117$lBLL01$h0040
=CAT  \\$aWR13_070$b00$c20130504$lBLL01$h0335
=CAT  \\$a8311$b40$c20130702$lBLL01$h1518
=CAT  \\$aWR13.114$c20130717$lBLL01$h1315
=CAT  \\$aWR14_072$c20140608$lBLL01$h1428
=CAT  \\$aW1711-1005$c20171206$lBLL01$h1823
=FIN  \\$aY$d20111110
=FMT  \\$a  SE
=LAS  \\$aW1711-1005$b00$c20171206$lBLL01$h1823
=LET  \0$aPositive practice positive outcomes (electronic)
=STA  \\$aSUPPRESSED$bIngested as issues
=TCO  \\$aCLA$bCLA$c008

