=LDR  02586 as a2200565 a 4500
=001  015967958
=003  Uk
=005  20140805091728.0
=006  m\\\\\\\\d\|\\\\\\
=007  cr||||||||||||
=008  111114d200u201uenkar\\\o\\\\o0\\\a0eng\\
=015  \\$aGBB1D0630$2bnb
=040  \\$aUk$beng$cUk$dUk
=042  \\$aukblsr
=082  04$a345.410773$223
=130  0\$aProceeds of Crime Act 2002, Part 5, Chapter 3.$pReport of the appointed person for England and Wales and Northern Ireland (Online)
=245  10$aProceeds of Crime Act 2002, Part 5, Chapter 3.$pReport of the appointed person for England and Wales and Northern Ireland ...$h[electronic resource].
=246  30$aReport of the appointed person for England and Wales and Northern Ireland
=260  \\$aLondon :$bHome Office
=310  \\$aAnnual,$b2009/10-
=336  \\$atext$2rdacontent
=337  \\$acomputer$2rdamedia
=338  \\$aonline resource$2rdacarrier
=530  \\$aAlso issued in print.
=538  \\$aMode of access: World Wide Web.
=538  \\$aSystem requirements: Adobe Acrobat Reader.
=588  \\$aDescription based on: 2010/2011 issue; title from PDF cover (publisher's Web site, viewed Nov. 14, 2011).
=610  10$aGreat Britain.$tProceeds of Crime Act 2002.
=650  \0$aForfeiture$zEngland$vPeriodicals.
=650  \0$aForfeiture$zWales$vPeriodicals.
=650  \0$aForfeiture$zNorthern Ireland$vPeriodicals.
=710  1\$aGreat Britain.$bHome Office.
=776  1\$tProceeds of Crime Act 2002, Part 5, Chapter 3. Report of the appointed person for England and Wales and Northern Ireland
=856  4\$uhttp://www.homeoffice.gov.uk$zTo search
=859  \\$aELD$bejournal
=CAT  \\$a3072$b40$c20111114$lBLL01$h1222
=CAT  \\$a3072$b40$c20111114$lBLL01$h1225
=CAT  \\$aBATCH-TCO$c20120117$lBLL01$h0040
=CAT  \\$a8311$b40$c20130611$lBLL01$h0940
=CAT  \\$aWR13.114$c20130717$lBLL01$h1315
=CAT  \\$aWR14_072$c20140608$lBLL01$h1429
=CAT  \\$a8201$b40$c20140805$lBLL01$h0917
=CAT  \\$aW1711-1005$c20171206$lBLL01$h1823
=FIN  \\$aY$d20111114
=FMT  \\$a  SE
=LAS  \\$aW1711-1005$b00$c20171206$lBLL01$h1823
=LET  \0$aProceeds of Crime Act 2002, Part 5, Chapter 3. Report of the appointed person for England and Wales and Northern Ireland (Electronic)
=LKR  \\$aPAR$b009214231$lBLL01$r776$mReport of the appointed person for England and Wales and Northern Ireland (Online)$nReport of the appointed person for England and Wales and Northern Ireland (Print)
=STA  \\$aSUPPRESSED$bIngested as issues
=TCO  \\$aCLA$bCLA$c008

