=LDR  03110 as a2200661 a 4500
=001  015985679
=003  Uk
=005  20140521095515.0
=006  m\\\\\\\\d\|\\\\\\
=007  cr||||||||||||
=008  111206d20092011enkar\\\o\\\\o0\\\a0eng\\
=015  \\$aGBB1D8912$2bnb
=040  \\$aUk$beng$cUk$dUk
=042  \\$aukblsr
=082  04$a353.530941$223
=130  0\$aPension, Disability and Carers Service annual report of quarterly satisfaction monitor (Research summary)
=245  10$aPension, Disability and Carers Service annual report of quarterly satisfaction monitor ...$h[electronic resource].
=246  13$aPension, Disability and Carers Service customer survey: annual report from
=260  \\$aLondon :$bDepartment for Work and Pensions,$c2011-2012.
=336  \\$atext$2rdacontent
=337  \\$acomputer$2rdamedia
=338  \\$aonline resource$2rdacarrier
=362  0\$a2009/10-2010/11.
=490  1\$aResearch summary / Department for Work and Pensions
=538  \\$aMode of access: World Wide Web.
=538  \\$aSystem requirements: Adobe Acrobat Reader.
=610  10$aGreat Britain.$bPension, Disability and Carers Service$vStatistics$vPeriodicals.
=610  10$aGreat Britain.$bPension, Disability and Carers Service$xEvaluation$vPeriodicals.
=690  7\$aSocial Welfare$2blcoll
=690  7\$aManagement and Business Studies$2blcoll
=710  1\$aGreat Britain.$bDepartment for Work and Pensions.
=710  1\$aGreat Britain.$bPension, Disability and Carers Service.
=787  08$iFull report:$tPension, Disability and Carers Service annual report of quarterly satisfaction monitor
=830  \0$aResearch summary (Great Britain. Department for Work and Pensions)
=856  4\$uhttp://www.dwp.gov.uk/publications/$zTo search
=859  \\$aELD$bejournal
=985  \\$aRecord amended for WR# 13/070
=985  \\$areport has indiv. authors, so main entry not appropriate.
=CAT  \\$a3072$b40$c20111206$lBLL01$h1428
=CAT  \\$a3072$b40$c20111206$lBLL01$h1430
=CAT  \\$aBATCH-TCO$c20120117$lBLL01$h0039
=CAT  \\$a8201E$b40$c20120809$lBLL01$h0945
=CAT  \\$aWR13_070$b00$c20130504$lBLL01$h0336
=CAT  \\$aWR13_070C$c20130611$lBLL01$h1858
=CAT  \\$a9512$b40$c20140109$lBLL01$h1050
=CAT  \\$aBATCH-MBS$c20140117$lBLL01$h2139
=CAT  \\$aWR14.047$c20140417$lBLL01$h1646
=CAT  \\$a10983$b40$c20140502$lBLL01$h1527
=CAT  \\$a8201$b40$c20140521$lBLL01$h0955
=CAT  \\$aW1711-1225$c20171203$lBLL01$h1046
=CAT  \\$aW1711-1005$c20171206$lBLL01$h1824
=FIN  \\$aY$d20111206
=FMT  \\$a  SE
=LAS  \\$aW1711-1005$b00$c20171206$lBLL01$h1824
=LET  \0$aPension, Disability and Carers Service annual report of quarterly satisfaction monitor (Research summary) (Electronic)
=LKR  \\$aPAR$b015961529$lBLL01$r787$mPension, Disability and Carers Service annual report of quarterly satisfaction monitor (Research summary)$nPension, Disability and Carers Service annual report of quarterly satisfaction monitor
=STA  \\$aSUPPRESSED$bunable to determine reason for suppression
=TCO  \\$aCLA$bCLA$c008

