=LDR  02282 as a2200553 a 4500
=001  016016324
=003  Uk
=005  20150320114218.0
=006  m\\\\\\\\d\|\\\\\\
=007  cr||||||||||||
=008  120125d200u201uenkar\\\o\\\\o0\\\a0eng\\
=FMT  \\$a  SE
=015  \\$aGBB207765$2bnb
=040  \\$aUk$beng$cUk
=042  \\$aukblsr
=082  04$a338.1760941$223
=130  0\$aAnnual review of controls on imports of animal products (Online)
=245  10$aAnnual review of controls on imports of animal products$h[electronic resource].
=260  \\$aNorwich :$bTSO
=336  \\$atext$2rdacontent
=337  \\$acomputer$2rdamedia
=338  \\$aonline resource$2rdacarrier
=538  \\$aMode of access: World Wide Web.
=538  \\$aSystem requirements: Adobe Acrobat Reader.
=530  \\$aAlso issued online.
=588  \\$aDescription based on: 2008/2009 issue; title from PDF caption (Defra Web site, viewed Jan. 25, 2012).
=588  \\$aLatest issue consulted: 2010/2011 (Defra Web site, viewed Jan. 25, 2012).
=650  \0$aAnimal industry$zGreat Britain$vPeriodicals.
=650  \0$aAnimal products$vPeriodicals.
=690  7\$aManagement and Business Studies$2blcoll
=776  0\$tAnnual review of controls on imports of animal products
=710  1\$aGreat Britain.$bDepartment for Environment, Food & Rural Affairs.
=856  4\$uhttp://www.defra.gov.uk/$zTo search
=859  \\$aELD$bejournal
=985  \\$aRecord amended for WR# 13/070
=CAT  \\$a5997$b40$c20120125$lBLL01$h1112
=CAT  \\$a5997$b40$c20120125$lBLL01$h1119
=CAT  \\$aWR13_070$b00$c20130504$lBLL01$h0336
=CAT  \\$a10902$b40$c20130725$lBLL01$h1205
=CAT  \\$aBATCH-MBS$c20130802$lBLL01$h2124
=CAT  \\$aWR14.047$c20140417$lBLL01$h1646
=CAT  \\$aWR14_072$c20140608$lBLL01$h1429
=CAT  \\$a6550$b40$c20150320$lBLL01$h1142
=CAT  \\$aW1711-1005$c20171206$lBLL01$h1824
=FIN  \\$aY$d20120125
=LET  \0$aAnnual review of controls on imports of animal products (Electronic)
=LKR  \\$aPAR$b010459768$lBLL01$nAnnual review of controls on imports of animal products (Print)$mAnnual review of controls on imports of animal products (Online)$r776
=STA  \\$aSUPPRESSED$bIngested as issues
=LAS  \\$aW1711-1005$b00$c20171206$lBLL01$h1824

