=LDR  02734 as a2200577 a 4500
=001  016032389
=003  Uk
=005  20150512152334.0
=006  m\\\\\\\\d\|\\\\\\
=007  cr||||||||||||
=008  120216d200u201uwlkar\\\o\\\\\0\\\a0wel\\
=FMT  \\$a  SE
=015  \\$aGBB216187$2bnb
=040  \\$aUk$beng$cUk
=042  \\$aukblsr
=082  04$a361.307155$223
=130  0\$aSocial care workforce development programme for the personal social services.$pProgress report for ...$lWelsh.
=245  10$aRhaglen datblygu'r gweithlu gofal cymdeithasol ar gyfer y gwasanaethau cymdeithasol personol.$pAdroddiad ar hynt y rhaglen ...$h[electronic resource].
=260  \\$a[Cardiff] :$bWelsh Government
=310  \\$aAnnual
=336  \\$atext$2rdacontent
=337  \\$acomputer$2rdamedia
=338  \\$aonline resource$2rdacarrier
=538  \\$aMode of access: World Wide Web.
=538  \\$aSystem requirements: Adobe Acrobat Reader.
=500  \\$aAccompanied on Web site by Excel spreadsheet, whose title varies from year to year.
=588  \\$aDescription based on: 2009/10 issue; title from PDF cover (publisher's Web site, viewed Feb. 16, 2012).
=588  \\$aLatest issue consulted: 2010/11 issue (viewed Feb. 16, 2012).
=650  \0$aSocial workers$xTraining of$zWales$vPeriodicals.
=650  \0$aSocial work education$zWales$vPeriodicals.
=690  7\$aSocial Welfare$2blcoll
=710  1\$aWales.$bWelsh Government.
=775  08$iIssued also in English:$tSocial care workforce development programme for the personal social services. Progress report for ...
=856  4\$uhttp://cymru.gov.uk/?skip=1&lang=cy$zTo search
=859  \\$aELD$bejournal
=CAT  \\$a3072$b40$c20120216$lBLL01$h1206
=CAT  \\$a3072$b40$c20120216$lBLL01$h1208
=CAT  \\$a3072$b40$c20120216$lBLL01$h1209
=CAT  \\$a3072$b40$c20120216$lBLL01$h1210
=CAT  \\$a3072$b40$c20120216$lBLL01$h1217
=CAT  \\$a6790$b40$c20130711$lBLL01$h1404
=CAT  \\$aWR13.114$c20130717$lBLL01$h1315
=CAT  \\$aBATCH-SWP$c20130720$lBLL01$h0115
=CAT  \\$aWR14_072$c20140608$lBLL01$h1429
=CAT  \\$a6550$b40$c20150512$lBLL01$h1523
=CAT  \\$aW1711-1005$c20171206$lBLL01$h1824
=FIN  \\$aY$d20120216
=LET  \0$aRhaglen datblygu'r gweithlu gofal cymdeithasol ar gyfer y gwasanaethau cymdeithasol personol. Adroddiad ar hynt y rhaglen (Electronic)
=LKR  \\$aPAR$b016032234$lBLL01$r775$mRhaglen datblygu'r gweithlu gofal cymdeithasol ar gyfer y gwasanaethau cymdeithasol personol. Adroddiad ar hynt y rhaglen$nSocial care workforce development programme for the personal social services. Progress report for
=STA  \\$aSUPPRESSED$bIngested as issues
=LAS  \\$aW1711-1005$b00$c20171206$lBLL01$h1824

