=LDR  02039 as a2200553 a 4500
=001  016041175
=003  Uk
=005  20140903092832.0
=006  m\\\\\\\\d\|\\\\\\
=007  cr||||||||||||
=008  120301d2006201uwlk\x\\\o\\\\\0\\\a0eng\\
=FMT  \\$a  SE
=015  \\$aGBB221978$2bnb
=040  \\$aUk$beng$cUk$dUk
=042  \\$aukblsr
=082  04$a942.9$223
=130  0\$aWelsh historic environment (Online)
=245  14$aThe Welsh historic environment$h[electronic resource] :$bposition statement ...
=260  \\$aCardiff :$bCADW
=310  \\$aIrregular
=336  \\$atext$2rdacontent
=337  \\$acomputer$2rdamedia
=338  \\$aonline resource$2rdacarrier
=362  1\$aPrint began with 2006.
=538  \\$aMode of access: World Wide Web.
=538  \\$aSystem requirements: Adobe Acrobat Reader.
=530  \\$aAlso issued in print.
=588  \\$aDescription based on: 2007; title from PDF title page (publisher's Web site, viewed Mar. 1, 2012).
=588  \\$aLatest issue consulted: 2010/11 (viewed Mar. 1, 2012).
=650  \0$aHistoric sites$zWales$vPeriodicals.
=650  \0$aHistoric buildings$zWales$vPeriodicals.
=710  2\$aCadw (Organization : Great Britain)
=775  0\$iAlso issued in Welsh:$tAmgylchedd hanesyddol Cymru
=776  1\$tWelsh historic environment
=856  4\$uhttp://cadw.wales.gov.uk/publications/?lang=en$zTo search
=859  \\$aELD$bejournal
=CAT  \\$a8201E$b40$c20120301$lBLL01$h1433
=CAT  \\$a8201E$b40$c20120301$lBLL01$h1434
=CAT  \\$a8201E$b40$c20120301$lBLL01$h1444
=CAT  \\$a6790$b40$c20130531$lBLL01$h1412
=CAT  \\$aWR13.114$c20130717$lBLL01$h1315
=CAT  \\$a8124$b40$c20140403$lBLL01$h1359
=CAT  \\$aWR14_072$c20140608$lBLL01$h1429
=CAT  \\$a8201$b40$c20140903$lBLL01$h0928
=CAT  \\$aW1711-1005$c20171206$lBLL01$h1824
=FIN  \\$aY$d20120301
=LET  \0$aWelsh historic environment position statement (electronic)
=STA  \\$aSUPPRESSED$bIngested as issues
=LAS  \\$aW1711-1005$b00$c20171206$lBLL01$h1824

