=LDR  02334 as a2200529 a 4500
=001  016065768
=003  Uk
=005  20180425142343.0
=006  m\\\\\\\\d\|\\\\\\
=007  cr||||||||||||
=008  120411u2009uuuuenkar\\\os\\\\0\\\a0eng\\
=FMT  \\$a  SE
=015  \\$aGBB235669$2bnb
=040  \\$aUk$beng$cUk
=042  \\$aukblsr
=082  04$a610.6950941021$223
=245  00$aCensus of consultant physicians and medical registrars in the UK ...$h[electronic resource] :$bdata and commentary /$cThe Federation of the Royal Colleges of Physicians of the United Kingdom.
=246  3\$aCensus of consultant physicians and medical registrars in the United Kingdom
=260  \\$aLondon :$bRoyal College of Physicians,$c2010-
=310  \\$aAnnual
=336  \\$atext$2rdacontent
=337  \\$acomputer$2rdamedia
=338  \\$aonline resource$2rdacarrier
=362  0\$a2009-
=538  \\$aMode of access: World Wide Web.
=538  \\$aSystem requirements: Adobe Acrobat Reader.
=500  \\$aTitle from PDF cover (publisher's Web site, viewed Apr. 11, 2012).
=588  \\$aLatest issue consulted: 2010 (viewed Apr. 11, 2012).
=650  \0$aMedical consultants$zGreat Britain$vStatistics$vPeriodicals.
=710  2\$aFederation of the Royal Colleges of Physicians of the United Kingdom.
=710  2\$aRoyal College of Physicians of London.
=780  10$tCensus of consultant physicians in the UK (Online)
=856  4\$uhttp://bookshop.rcplondon.ac.uk/index.aspx$zTo search
=859  \\$aELD$bejournal
=CAT  \\$a3072$b40$c20120411$lBLL01$h1433
=CAT  \\$a3072$b40$c20120411$lBLL01$h1435
=CAT  \\$a8311$b40$c20130412$lBLL01$h1156
=CAT  \\$aWR13.114$c20130717$lBLL01$h1315
=CAT  \\$aWR14_072$c20140608$lBLL01$h1429
=CAT  \\$a6550$b40$c20150317$lBLL01$h1035
=CAT  \\$aW1711-1005$c20171206$lBLL01$h1824
=CAT  \\$a7416$b40$c20180425$lBLL01$h1423
=FIN  \\$aY$d20120411
=LET  \0$aCensus of consultant physicians and medical registrars in the UK: data and commentary (Electronic)
=LKR  \\$aPAR$b015713002$lBLL01$r78000$mCensus of consultant physicians and medical registrars in the UK ... data and commentary /$nCensus of consultant physicians in the UK ... data and commentary.
=STA  \\$aSUPPRESSED$bIngested as issues
=LAS  \\$a7416$b40$c20180425$lBLL01$h1423

