=LDR  02074 as a2200517 a 4500
=001  016133158
=003  Uk
=005  20120726122542.0
=006  m\\\\\\\\d\|\\\\\\
=007  cr||||||||||||
=008  120726c200u9999enkar\\\o\\\\\0\\\a0eng\\
=FMT  \\$a  SE
=015  \\$aGBB273675$2bnb
=040  \\$aUk$beng$cUk
=042  \\$aukblsr
=082  04$a378.020941$223
=245  00$aAccounts direction handbook$h[electronic resource].
=260  \\$aCoventry :$bSkills Funding Agency
=310  \\$aAnnual
=336  \\$atext$2rdacontent
=337  \\$acomputer$2rdamedia
=338  \\$aonline resource$2rdacarrier
=500  \\$a"Supplements the 2007 statement of recommended practice (2007 SORP)".
=538  \\$aMode of access: World Wide Web.
=538  \\$aSystem requirements: Adobe Acrobat Reader.
=588  \\$aDescription based on: 2009/10; title from PDF cover (publisher's Web site, viewed July 26, 2012).
=588  \\$aLatest issue consulted: 2011/12 (viewed July 26, 2012).
=650  \0$aUniversities and colleges$zGreat Britain$xAccounting$vPeriodicals.
=710  1\$aGreat Britain.$bSkills Funding Agency.
=710  2\$aYoung People's Learning Agency (Great Britain)
=710  2\$aCollege Finance Directors' Group.
=710  2\$aAssociation of Colleges.
=710  1\$aGreat Britain.$bEducation Funding Agency.
=856  4\$uhttp://skillsfundingagency.bis.gov.uk/providers/finance/financialmanagement/financialmanagement/accountsdirection/$zFollow links to resource
=859  \\$aELD$bejournal
=985  \\$aCollege Finance Directors' Group in BLL12 only
=CAT  \\$a8201E$b40$c20120726$lBLL01$h1210
=CAT  \\$a8201E$b40$c20120726$lBLL01$h1214
=CAT  \\$a8201E$b40$c20120726$lBLL01$h1225
=CAT  \\$aWR14.047$c20140417$lBLL01$h1646
=CAT  \\$aW1711-1225$c20171203$lBLL01$h1049
=CAT  \\$aW1711-1005$c20171206$lBLL01$h1824
=FIN  \\$aY$d20120726
=LET  \0$aAccounts direction handbook (electronic)
=STA  \\$aSUPPRESSED$bunable to determine reason for suppression
=LAS  \\$aW1711-1005$b00$c20171206$lBLL01$h1824

