=LDR  02059 as a2200493 a 4500
=001  016197351
=003  Uk
=005  20140929095436.0
=006  m\\\\\\\\d\|\\\\\\
=007  cr||||||||||||
=008  121025d2010201uenkuu\\\o\\\\\1\\\a0eng\\
=FMT  \\$a  SE
=015  \\$aGBB2A8319$2bnb
=040  \\$aUk$beng$cUk$dUk
=042  \\$aukblsr
=082  04$a300$223
=245  00$aProceedings of the Plymouth Business School Postgraduate Symposium$h[electronic resource].
=260  \\$a[Plymouth :$bUniversity of Plymouth,$c2010]-
=336  \\$atext$2rdacontent
=337  \\$acomputer$2rdamedia
=338  \\$aonline resource$2rdacarrier
=362  0\$a2010-
=538  \\$aMode of access: World Wide Web.
=538  \\$aSystem requirements: Adobe Acrobat Reader.
=500  \\$aTitle from PDF title page (publisher's Web site, viewed Oct. 25, 2012).
=650  \0$aSocial sciences$vCongresses.
=710  2\$aUniversity of Plymouth.$bPlymouth Business School.
=780  00$tProceedings of the Faculty of Social Science & Business (University of Plymouth) Postgraduate Symposium (Online)$x1753-7061
=856  4\$uhttp://www.ppgs-research.org/$zFollow links to resource
=859  \\$aELD$bejournal
=985  \\$a710 not in BLL10
=CAT  \\$a8201E$b40$c20121025$lBLL01$h1150
=CAT  \\$a8201E$b40$c20121025$lBLL01$h1151
=CAT  \\$a8201E$b40$c20121025$lBLL01$h1200
=CAT  \\$a6790$b40$c20130613$lBLL01$h1423
=CAT  \\$aWR13.114$c20130717$lBLL01$h1315
=CAT  \\$aWR14_072$c20140608$lBLL01$h1432
=CAT  \\$a8201$b40$c20140929$lBLL01$h0954
=CAT  \\$aW1711-1005$c20171206$lBLL01$h1825
=FIN  \\$aY$d20121025
=LET  \0$aProceedings of the Plymouth Business School Postgraduate Symposium (electronic)
=LKR  \\$aPAR$b013648810$lBLL01$nProceedings of the Faculty of Social Science & Business (University of Plymouth) Postgraduate Symposium (Online)$r78000$mProceedings of the Plymouth Business School Postgraduate Symposium
=STA  \\$aSUPPRESSED$bIngested as issues
=LAS  \\$aW1711-1005$b00$c20171206$lBLL01$h1825

