=LDR  01862 as a2200517 a 4500
=001  016207558
=003  Uk
=005  20150204084339.0
=006  m\\\\\\\\d\|\\\\\\
=007  cr||||||||||||
=008  121108d2011201uenkuu\\\o\bs\\0\\\a0eng\\
=FMT  \\$a  SE
=015  \\$aGBB2B3081$2bnb
=040  \\$aUk$beng$cUk$dUk
=042  \\$aukblsr
=082  04$a363.50941$223
=245  04$aThe housing report$h[electronic resource].
=260  \\$a[London] :$bShelter,$c2011-
=336  \\$atext$2rdacontent
=337  \\$acomputer$2rdamedia
=338  \\$aonline resource$2rdacarrier
=362  0\$aEd. 1 (Oct. 2011)-
=504  \\$aIncludes bibliographical references.
=538  \\$aMode of access: World Wide Web.
=538  \\$aSystem requirements: Adobe Acrobat Reader.
=588  \\$aTitle from PDF cover (publisher's Web site, viewed Nov. 8, 2012).
=588  \\$aLatest issue consulted: ed. 2 (May 2012) (viewed Nov. 8, 2012).
=650  \0$aHousing$zGreat Britain$vPeriodicals.
=650  \0$aHousing policy$zGreat Britain$vPeriodicals.
=690  7\$aSocial Welfare$2blcoll
=710  2\$aShelter (Organization)
=710  2\$aChartered Institute of Housing (Great Britain)
=710  2\$aNational Housing Federation (Great Britain)
=856  4\$uhttp://england.shelter.org.uk/home$zTo search
=859  \\$aELD$bejournal
=CAT  \\$a8201E$b40$c20121108$lBLL01$h1053
=CAT  \\$a8201E$b40$c20121108$lBLL01$h1405
=CAT  \\$a10983$b40$c20140203$lBLL01$h1555
=CAT  \\$aWR14.047$c20140417$lBLL01$h1646
=CAT  \\$a8201$b40$c20150204$lBLL01$h0843
=CAT  \\$aW1711-1225$c20171203$lBLL01$h1050
=CAT  \\$aW1711-1005$c20171206$lBLL01$h1825
=FIN  \\$aY$d20121108
=LET  \0$aThe housing report (electronic)
=STA  \\$aSUPPRESSED$bunable to determine reason for suppression
=LAS  \\$aW1711-1005$b00$c20171206$lBLL01$h1825

