=LDR  01960 as a2200517 a 4500
=001  014781489
=003  Uk
=005  20151104152615.0
=006  m\\\\\\\\d\|\\\\\\
=007  cr||||||||||||
=008  081020d200u2012enkar\\\s\\\\\0\\\a0eng\\
=FMT  \\$a  SE
=040  \\$aUk$beng$cUk
=042  \\$aukblsr
=110  2\$aHSBC Holdings plc.
=240  10$aAnnual review (Online)
=245  10$aAnnual review$h[electronic resource] /$cHSBC Holdings plc.
=260  \\$aLondon :$bHSBC Holdings plc
=336  \\$atext$2rdacontent
=337  \\$acomputer$2rdamedia
=338  \\$aonline resource$2rdacarrier
=538  \\$aMode of access: World Wide Web.
=538  \\$aSystem requirements: Adobe Acrobat Reader.
=580  \\$aTo 2005 also issued in print format; from 2006 issued online only.
=500  \\$aDescription based on: 2000 issue, published 2001; title from PDF caption (publisher's Web site, viewed on 20 Oct. 2008).
=500  \\$aLatest issue consulted: 2007.
=610  20$aHSBC Holdings plc$vPeriodicals.
=650  \0$aFinancial institutions$zGreat Britain$vPeriodicals.
=650  \0$aHolding companies$zGreat Britain$vPeriodicals.
=650  \0$aBanks and banking$zGreat Britain$vPeriodicals.
=780  10$aHSBC Holdings plc.$sAnnual review
=856  4\$uhttp://www.hsbc.com/$zTo search
=859  \\$aELD$bejournal
=CAT  \\$a3072$b40$c20081020$lBLL01$h1148
=CAT  \\$a3072$b40$c20081020$lBLL01$h1153
=CAT  \\$a3072$b40$c20081020$lBLL01$h1154
=CAT  \\$a8311$b40$c20130902$lBLL01$h0946
=CAT  \\$aWR14.047$c20140417$lBLL01$h1645
=CAT  \\$aWR14_072$c20140608$lBLL01$h1426
=CAT  \\$a6550$b40$c20151104$lBLL01$h1526
=CAT  \\$aW1711-1005$c20171206$lBLL01$h1821
=FIN  \\$aY$d20081020
=LKR  \\$aPAR$b007886823$lBLL01$r78010$mAnnual review (Online)$nAnnual review (Print)
=STA  \\$aSUPPRESSED$bIngested as issues
=TCO  \\$aCLA$bCLA$c008
=LAS  \\$aW1711-1005$b00$c20171206$lBLL01$h1821

