=LDR  02335 as a2200613 a 4500
=001  014838400
=003  Uk
=005  20150128140246.0
=006  m\\\\\\\\d\|\\\\\\
=007  cr||||||||||||
=008  081126d200u201uenkfx\\\os\\\o0\\\a0eng\\
=FMT  \\$a  SE
=015  \\$aGBA8E2029$2bnb
=040  \\$aUk$beng$cUk$dUk
=042  \\$aukblsr
=082  04$a363.220942021$222
=245  00$aPolice service strength$h[electronic resource] :$bEngland and Wales.
=260  \\$aLondon :$bHome Office
=310  \\$aTwo issues yearly
=336  \\$atext$2rdacontent
=337  \\$acomputer$2rdamedia
=338  \\$aonline resource$2rdacarrier
=490  1\$aHome Office online report
=490  1\$aHome Office statistical bulletin (Online),$x1759-7005
=538  \\$aMode of access: World Wide Web.
=538  \\$aSystem requirements: Adobe Acrobat Reader.
=500  \\$aTo 2007? also issued in print format, and described at series level.
=500  \\$aFrom 2006 published in the "Home Office statistical bulletin" series.
=500  \\$aDescription based on: 30th Sept. 2002 issue; title from PDF t.p. (publisher's Web site, viewed Feb. 20, 2007).
=500  \\$aLatest issue consulted: 31 Mar. 2008.
=650  \0$aPolice$zEngland$vStatistics$vPeriodicals.
=650  \0$aPolice$zWales$vStatistics$vPeriodicals.
=710  2\$aUK Statistics Authority.
=859  \\$aELD$bejournal
=856  4\$uhttp://www.homeoffice.gov.uk/rds$zTo search
=830  \0$aHome Office online report
=830  \0$aHome Office statistical bulletin (Online),$x1759-7005
=CAT  \\$a3072$b40$c20081126$lBLL01$h1431
=CAT  \\$a3072$b40$c20081216$lBLL01$h1719
=CAT  \\$a3072$b40$c20081217$lBLL01$h1630
=CAT  \\$aBATCH$b00$c20091217$lBLL01$h0538
=CAT  \\$aBATCH$b00$c20100103$lBLL01$h1329
=CAT  \\$a9512$b40$c20140103$lBLL01$h1408
=CAT  \\$a14112$b40$c20140120$lBLL01$h1731
=CAT  \\$aWR14_140$c20140905$lBLL01$h1821
=CAT  \\$a10983$b40$c20150112$lBLL01$h1015
=CAT  \\$a8201$b40$c20150128$lBLL01$h1402
=CAT  \\$a5194$b40$c20161013$lBLL01$h1133
=CAT  \\$aBATCH-UPD$b40$c20161013$lBLL01$h1135
=CAT  \\$aW1711-1005$c20171206$lBLL01$h1821
=FIN  \\$aY$d20081217
=STA  \\$aSUPPRESSED$bIngested as issues
=TCO  \\$aCLA$bCLA$c008
=LAS  \\$aW1711-1005$b00$c20171206$lBLL01$h1821

