=LDR  01856cas a2200433 i 4500
=001  020826215
=003  Uk
=005  20231009104718.0
=006  m\\\\\|\\d\|\\\\\\
=007  cr\|||||||||||
=008  221201c20uu9999enkuu\p\o\\\\\0\\\a0eng\\
=FMT  \\$a  SE
=040  \\$aUk$beng$cUk$erda
=042  \\$aukblsr
=082  04$a616.075$223
=130  0\$aLeading edge (Eastleigh, England)
=245  10$aLeading edge.
=264  \1$aEastleigh :$bAlpha Laboratories
=300  \\$billustrations (colour)
=336  \\$atext$2rdacontent
=337  \\$acomputer$2rdamedia
=338  \\$aonline resource$2rdacarrier
=588  \\$aDescription based on: 2021, issue 1; title from PDF cover.
=650  \7$aDiagnosis, Laboratory$xEquipment and supplies.$2fast$0(OCoLC)fst00892312
=650  \7$aPatient monitoring$xEquipment and supplies.$2fast$0(OCoLC)fst01055021
=655  \7$aPeriodicals.$2fast$0(OCoLC)fst01411641
=710  2\$aAlpha Laboratories,$eissuing body.
=856  4\$uhttps://www.alphalabs.co.uk/$zTo subscribe
=859  \\$aELD$bejournal
=985  \\$anew body; 2022, realised too late that 2021, issue 1 on website is turning pages version. Queried with David S. "After reviewing the comms on this publisher, I am satisfied that we should not be taking this in PDF format as it is not published as such so please can you suppress the record you created. I have asked web-archiving to review and unfortunately they cannot capture this content either" 6/10/23.
=CAT  \\$a3072$b40$c20221201$lBLL01$h1738
=CAT  \\$a3072$b40$c20221201$lBLL01$h1743
=CAT  \\$a3072$b40$c20221205$lBLL01$h1217
=CAT  \\$a3072$b40$c20221205$lBLL01$h1225
=CAT  \\$a3072$b40$c20231009$lBLL01$h1047
=FIN  \\$aY$d20221205
=LET  \0$aLeading edge (Electonic)
=STA  \\$aSUPPRESSED$bDe-accessioned
=LAS  \\$a3072$b40$c20231009$lBLL01$h1047

