=LDR  01976cas a2200445 i 4500
=001  020846947
=003  Uk
=005  20231017153523.0
=006  m\\\\\|\\d\|\\\\\\
=007  cr\|||||||||||
=008  221222c201u9999enkuu\\\o\\\\\0\\\a0eng\\
=FMT  \\$a  SE
=015  \\$aGBC2M9344$2bnb
=022  0\$a2756-2573$y1467-3916$202
=040  \\$aUk$beng$cUk$erda
=042  \\$aukblsr$aissnuk
=082  04$a338.2728$223
=222  \0$aArgus orthoxylene analytics
=245  00$aArgus orthoxylene analytics :$ba global supply/demand analysis for ... through ...
=264  \1$aLondon :$bArgus Media group
=300  \\$billustrations (colour), maps (colour)
=336  \\$atext$2rdacontent
=337  \\$acomputer$2rdamedia
=338  \\$aonline resource$2rdacarrier
=588  \\$aDescription based on: 2017 through 2021 issue; title from PDF cover.
=650  \7$aPetroleum chemicals industry$xEconomic aspects.$2fast$0(OCoLC)fst01059452
=650  \7$aPetroleum chemicals industry$xForecasting.$2fast$0(OCoLC)fst01059466
=655  \7$aStatistics.$2fast$0(OCoLC)fst01423727
=650  \7$aMarket surveys.$2fast$0(OCoLC)fst01010149
=710  2\$aArgus Media (Agency),$eissuing body.
=856  4\$uhttps://www.argusmedia.com/$zTo subscribe
=859  \\$aELD$bejournal
=985  \\$aWhen catalogued was assumed it would be annual or quarterly with stable title& Page 64 says the service includes "Quarterly updates addressing key industry trends"- however nothing accessioned here as of 17/10/23 & probably best as a mono, as it's issued on the website under the banner of "Argus toluene & xylenes isomers analytics" - so it's assumed that the title will be unstable.
=CAT  \\$a3072$b40$c20221222$lBLL01$h1626
=CAT  \\$a3072$b40$c20221222$lBLL01$h1641
=CAT  \\$a3072$b40$c20231017$lBLL01$h1535
=FIN  \\$aY$d20221222
=LET  \0$aArgus orthoxylene analytics (Electronic)
=STA  \\$aSUPPRESSED$bDe-accessioned
=LAS  \\$a3072$b40$c20231017$lBLL01$h1535

