=LDR  02331 as a2200481 i 4500
=001  016602048
=003  Uk
=005  20140226120928.0
=006  m\\\\\|\\d\|\\\\\\
=007  cr\|||||||||||
=008  140113d20072008enkuu\p\o\\\\\0\\\a0eng\\
=FMT  \\$a  SE
=040  \\$aUk$beng$cUk$erda
=041  0\$aeng$afre
=042  \\$aukblsr
=082  04$a796.48$223
=130  0\$aUpdate (London Organising Committee of the Olympic Games and Paralympic Games. Sport Department)
=245  10$aUpdate :$bthe latest news from the London 2012 Sport Department.
=264  \1$aLondon :$bLondon Organising Committee of the Olympic Games and Paralympic Games Ltd.
=300  \\$billustrations (colour)
=336  \\$atext$2rdacontent
=337  \\$acomputer$2rdamedia
=338  \\$aonline resource$2rdacarrier
=362  0\$aIssue 5 (summer 2007)-issue 7 (spring 2008).
=500  \\$aTitle from PDF cover (National Archives snapshot, taken on 02/11/2008).
=546  \\$aParallel English and French text.
=588  \\$aLatest issue consulted: issue 7 (spring 2008) (National Archives snapshot, taken on 02/11/2008).
=611  20$aOlympic Games$n(30th :$d2012 :$cLondon, England)$xPlanning$vPeriodicals.
=650  \0$aSports facilities$zEngland$zLondon$vPeriodicals.
=710  2\$aLondon Organising Committee of the Olympic Games and Paralympic Games.$bSport Department.
=776  08$iAlso issued in print as:$tUpdate (London Organising Committee of the Olympic Games and Paralympic Games. Sport Department)
=780  00$tSports update
=856  4\$uhttp://webarchive.nationalarchives.gov.uk/20081222225240/http://www.london2012.com/news/publications/newsletters.php
=859  \\$aELD$bejournal
=CAT  \\$a10902$b40$c20140113$lBLL01$h1541
=CAT  \\$a11316$b40$c20140226$lBLL01$h1204
=CAT  \\$a11316$b40$c20140226$lBLL01$h1209
=CAT  \\$aW1711-1225$c20171203$lBLL01$h1055
=CAT  \\$aW1711-1005$c20171206$lBLL01$h1826
=FIN  \\$aY$d20140226
=LKR  \\$aPAR$b015588236$lBLL01$nUpdate (London Organising Committee of the Olympic Games and Paralympic Games. Sport Department. Print)$mUpdate (London Organising Committee of the Olympic Games and Paralympic Games. Sport Department. Online)
=STA  \\$aSUPPRESSED$bunable to determine reason for suppression
=LAS  \\$aW1711-1005$b00$c20171206$lBLL01$h1826

