=LDR  01818 as a2200481 i 4500
=001  016681315
=003  Uk
=005  20150323124312.0
=006  m\\\\\\\\d\|\\\\\\
=007  cr\|||||||||||
=008  140407d20112012enkar\p\o\\\\o0\\\a0eng\\
=FMT  \\$a  SE
=040  \\$aUk$beng$cUk$erda
=042  \\$aukblsr
=082  04$a354.5709428$223
=110  1\$aGreat Britain.$bEnvironment Agency,$eauthor.
=245  10$aYorkshire and North East annual fisheries report.
=264  \1$a[Rotherham] :$bEnvironment Agency,$c[2012]
=300  \\$a1 volume :$billustrations (colour), maps (colour)
=310  \\$aAnnual
=336  \\$atext$2rdacontent
=337  \\$acomputer$2rdamedia
=338  \\$aonline resource$2rdacarrier
=362  0\$a2011/2012.
=500  \\$aTitle from PDF cover (email, sent March 21, 2013).
=610  10$aGreat Britain.$bEnvironment Agency$vPeriodicals.
=650  \0$aFisheries$xEnvironmental aspects$zEngland, North East$vPeriodicals.
=650  \0$aFishes$xConservation$zEngland, North East$vPeriodicals.
=650  \0$aRivers$xEnvironmental aspects$zEngland, North East$vPeriodicals.
=650  \0$aFishing$zEngland, North East$vPeriodicals.
=859  \\$aELD$bejournal
=856  0\$umailto:enquiries@environment-agency.gov.uk
=CAT  \\$a11316$b40$c20140407$lBLL01$h1017
=CAT  \\$a11316$b40$c20140407$lBLL01$h1054
=CAT  \\$a11316$b40$c20140407$lBLL01$h1130
=CAT  \\$a10902$b40$c20140715$lBLL01$h0846
=CAT  \\$a6550$b40$c20150323$lBLL01$h1243
=CAT  \\$aW1711-1225$c20171203$lBLL01$h1055
=CAT  \\$aW1711-1005$c20171206$lBLL01$h1827
=FIN  \\$aY$d20140407
=LET  \0$aYorkshire and North East annual fisheries report (Electronic)
=STA  \\$aSUPPRESSED$bunable to determine reason for suppression
=LAS  \\$aW1711-1005$b00$c20171206$lBLL01$h1827

