=LDR  02540 as a2200613 a 4500
=001  016116443
=003  Uk
=005  20150323124714.0
=006  m\\\\\\\\d\|\\\\\\
=007  cr||||||||||||
=008  120702d20062013enkqr\p\o\\\\\0\\\a0eng\\
=FMT  \\$a  SE
=015  \\$aGBB263768$2bnb
=040  \\$aUk$beng$cUk
=042  \\$aukblsr
=082  04$a361.76309427305$223
=130  0\$aIssues (Manchester, England : Online)
=245  10$aIssues$h[electronic resource] /$cGMCVO.
=246  1\$iWeb site list title:$aGMCVO issues
=260  \\$aManchester :$bGMCVO,$c2006-2013.
=310  \\$aQuarterly,$b26 (autumn 2010)-
=321  \\$aBimonthly,$b- 25 (summer 2010)
=336  \\$atext$2rdacontent
=337  \\$acomputer$2rdamedia
=338  \\$aonline resource$2rdacarrier
=362  1\$a1 (May/June 2006)-34 (4 Mar 2013).
=538  \\$aMode of access: World Wide Web.
=538  \\$aSystem requirements: Adobe Acrobat Reader.
=500  \\$aHas subtitle "GMCVO's briefing on areas of policy, practice and the operating environment affecting the voluntary and community sector in Greater Manchester", later "GMCVO's quarterly briefing ...".
=500  \\$aIssues also have distinctive titles.
=515  \\$aDates on Web site reflect the date the publication was posted there, and not the publication date.
=500  \\$aTitle from PDF cover (publisher's Web site, viewed July 2, 2012).
=588  \\$aLatest issue consulted: 32 (spring 2012) (viewed July 2, 2012).
=650  \0$aVoluntarism$zEngland$zGreater Manchester$vPeriodicals.
=650  \0$aCharities$zEngland$zGreater Manchester$vPeriodicals.
=690  7\$aSocial Welfare$2blcoll
=710  2\$aGreater Manchester Centre for Voluntary Organisation.
=776  08$iPrint version, -2012 :$sIssues (Manchester, England)
=856  40$uhttp://www.gmcvo.org.uk/issues
=859  \\$aELD$bejournal
=CAT  \\$a3072$b40$c20120702$lBLL01$h1422
=CAT  \\$a3072$b40$c20120702$lBLL01$h1429
=CAT  \\$a3072$b40$c20120702$lBLL01$h1511
=CAT  \\$a10983$b40$c20130613$lBLL01$h1255
=CAT  \\$aWR13.114$c20130717$lBLL01$h1315
=CAT  \\$aBATCH-SWP$c20130727$lBLL01$h0053
=CAT  \\$aWR14_072$c20140608$lBLL01$h1430
=CAT  \\$a6550$b40$c20150323$lBLL01$h1247
=CAT  \\$aW1711-1005$c20171206$lBLL01$h1824
=FIN  \\$aY$d20120702
=LET  \0$aIssues - GMCVO (Electronic)
=LKR  \\$aPAR$b013690714$lBLL01$r776$mIssues (Online)$nIssues (Print)
=STA  \\$aSUPPRESSED$bIngested as issues
=LAS  \\$aW1711-1005$b00$c20171206$lBLL01$h1824

