=LDR  02142 as a2200517 a 4500
=001  016149409
=003  Uk
=005  20140520095722.0
=006  m\\\\\\\\d\\\\\\\\
=007  cr\|||||||||||
=008  120816c20099999enk\r\\\o\\\\\0\\\a0eng\\
=FMT  \\$a  SE
=015  \\$aGBB280909$2bnb
=040  \\$aUk$beng$cUk
=042  \\$aukblsr
=082  04$a378.1060941021$223
=245  00$aFinances of higher education institutions$h[electronic resource].
=260  \\$aCheltenham :$bHigher Education Statistics Agency
=310  \\$aAnnual
=336  \\$atext$2rdacontent
=337  \\$acomputer$2rdamedia
=338  \\$aonline resource$2rdacarrier
=362  1\$aBegan with 2009/10 issue.
=538  \\$aMode of access: World Wide Web.
=538  \\$aSystem requirements: Microsoft Excel.
=588  \\$aDescription based on: 2010/11 issue; title from HTML index page (Downloaded 03/05/2012).
=650  \0$aEducation, Higher$zGreat Britain$xFinance$vStatistics$vPeriodicals.
=650  \0$aUniversities and colleges$zGreat Britain$xFinance$vStatistics$vPeriodicals.
=710  1\$aGreat Britain.$bHigher Education Statistics Agency.
=780  01$tResources of higher education institutions
=856  40$uhttp://www.hesa.ac.uk/component/option,com_pubs/Itemid,122/index.php?option=com_pubs&task=show_pub_detail&pubid=1719&Itemid=122
=859  \\$aELD$bejournal
=985  \\$aOut of scope, May 20, 2014.
=CAT  \\$a11316$b40$c20120816$lBLL01$h0926
=CAT  \\$a11316$b40$c20120816$lBLL01$h0928
=CAT  \\$a10983$b40$c20130513$lBLL01$h0835
=CAT  \\$aWR13.114$c20130717$lBLL01$h1315
=CAT  \\$a10983$b40$c20140507$lBLL01$h0855
=CAT  \\$a8201$b40$c20140520$lBLL01$h0957
=CAT  \\$aW1711-1225$c20171203$lBLL01$h1049
=CAT  \\$aW1711-1005$c20171206$lBLL01$h1824
=FIN  \\$aY$d20120816
=LET  \0$aFinances of higher education institutions (Electronic)
=LKR  \\$aPAR$b009220398$lBLL01$r78001$mFinances of higher education institutions$nResources of higher education institutions.
=STA  \\$aSUPPRESSED$bunable to determine reason for suppression
=LAS  \\$aW1711-1005$b00$c20171206$lBLL01$h1824

